3012 4652
302 297 363 361 178
661 298 722 354 Lib.
739 297 775 352 II.
795 297 860 369 (lap.
877 297 927 352 111.

259 495 328 562 sed
350 495 385 562 is
406 495 541 564 auditur
556 497 627 565 siue
648 497 834 564 consilio.
879 497 1030 564 Homines
1044 494 1175 564 Favonii
1188 497 1283 563 serbe
1297 499 1330 562 et

258 619 413 669 sermones
435 601 479 669 sio
499 603 605 669 audire
621 604 773 682 dicuntur,
795 606 833 669 ut
846 603 926 670 nihil
939 605 1010 670 inde
1031 602 1154 671 consilii
1174 603 1327 669 nascetur.

358 709 438 776 ibid.
455 711 505 790 26,
522 709 558 776 2:
580 710 689 790 Quod
712 730 770 777 me
791 711 1038 778 amicissime
1059 711 1262 789 admones,
1284 711 1328 775 ut

256 834 313 881 me
346 816 568 901 integrum,
601 818 729 901 quoad
761 818 927 901 possim,
962 837 1133 896 servem,
1168 817 1324 902 gratum

256 925 335 1003 est;
358 924 460 1008 qnod
488 925 621 1003 eddis,
651 944 696 991 ne
723 927 964 1009 propensior
985 927 1031 992 ad
1054 928 1211 1008 turpem
1232 942 1326 991 cau·

256 1049 336 1096 sam
370 1031 528 1110 videar,
566 1033 676 1098 certe
713 1032 843 1099 videri
877 1052 1048 1117 possum.
1106 1031 1200 1098 Nullo
1232 1031 1324 1098 modo

256 1137 360 1204 Cicero
382 1157 414 1204 se
436 1139 476 1205 ad
497 1139 620 1222 turpem
643 1157 768 1206 causam
790 1139 1020 1223 propensiorem
1033 1139 1135 1206 videri
1150 1157 1239 1222 posse
1254 1158 1324 1206 oon·

255 1243 349 1324 cedit,
357 1263 485 1329 quaeque
493 1247 672 1329 sequuntur,
682 1248 721 1310 ed
734 1265 855 1312 omnem
867 1246 1045 1314 huiusmodi
1056 1245 1322 1331 reprehensionem

254 1350 471 1418 removendam
499 1353 672 1436 pertiuent;
706 1372 740 1420 se
773 1354 856 1421 enim
888 1354 976 1435 nihil,
1010 1355 1069 1420 nisi
1092 1355 1174 1438 quod
1207 1355 1323 1419 rectum

253 1458 343 1538 esset,
366 1459 515 1543 quamdiu
537 1459 574 1525 de
595 1461 681 1543 pacis
702 1461 932 1529 condicionibus
957 1463 1108 1547 ageretur,
1138 1460 1248 1527 iecisse
1269 1459 1322 1524 de·

252 1567 416 1632 monstrat.
459 1567 496 1632 ln
519 1566 553 1631 M
575 1569 624 1634 est
644 1567 794 1633 uidere.
839 1568 1040 1636 scribendum
1069 1567 1177 1652 igitur:
1214 1569 1322 1632 certe

251 1671 362 1739 ridere
394 1692 564 1756 possum.
626 1673 766 1740 Priorem
802 1675 903 1741 Attici
938 1675 1180 1742 admonitionem
1215 1673 1321 1738 cicero

250 1779 399 1860 admittit,
430 1780 528 1848 altera
556 1781 601 1848 sic
629 1782 802 1862 offenditur,
832 1785 869 1849 ut
896 1802 964 1849 eam
990 1782 1053 1880 sihi
1074 1802 1144 1848 eum
1166 1782 1229 1847 risu
1251 1799 1321 1846 oon·

250 1890 387 1952 temnere
408 1886 500 1954 licere
523 1888 615 1955 dicat.
659 1888 760 1969 Quam
782 1889 917 1958 molliter
931 1908 1013 1974 ager
1026 1888 1183 1956 Ciceronis
1200 1887 1321 1954 enimus

249 2012 373 2060 omnem
405 1995 583 2062 huiusmodi
616 1996 799 2080 suspicionis
831 1999 886 2063 eut
920 1996 1166 2081 reprehensionis
1201 1996 1320 2061 tactum

249 2100 367 2180 tulerit,
390 2103 484 2168 etiem
507 2103 576 2168 nliae
598 2103 738 2186 epistolae
761 2105 937 2170 ostendunt.
1015 2147 1023 2162 .

349 2207 429 2274 ibid.
463 2209 551 2289 VHl,
586 2211 613 2286 1,
646 2210 683 2276 2:
717 2211 775 2276 sic
806 2212 908 2276 enirn
942 2210 1078 2294 pareri
1112 2211 1245 2289 uideo,
1277 2211 1322 2275 ut

248 2313 458 2382 Luceriam
490 2337 624 2385 omnes
659 2320 781 2402 eopiae
812 2318 1123 2396 contrahantur,
1153 2318 1262 2383 utne
1283 2317 1319 2383 is

248 2420 406 2505 quidem
441 2424 554 2491 loeus
589 2426 758 2493 stabilis
791 2428 862 2506 sit,
895 2426 964 2492 sed
998 2445 1042 2491 ex
1074 2444 1117 2492 eo
1148 2425 1254 2507 ipso,
1284 2425 1319 2490 si

247 2549 476 2615 urgeamur,
504 2537 676 2616 peretur
708 2535 811 2618 luge.
866 2532 918 2600 Sic
950 2533 1127 2598 coniectura
1159 2532 1320 2607 scribitur;
1388 2563 1391 2568 ·

248 2638 417 2705 nemiuld
433 2641 619 2707 esttentum
641 2640 829 2721 stabilis,
852 2641 929 2706 sed.
958 2641 1103 2706 Locum
1125 2639 1319 2707 stabilem

248 2746 358 2814 Latine
381 2747 452 2827 dici,
475 2747 506 2813 in
531 2767 589 2832 quo
605 2748 716 2833 aliquis
732 2748 879 2815 consistat
892 2766 949 2814 nec
965 2748 1047 2813 ultra
1061 2747 1172 2832 lugim,
1191 2761 1318 2830 prorsus

246 2873 327 2939 nego
357 2855 576 2940 scripsisseque
605 2855 784 2923 Ciceronem
813 2856 905 2939 puto:
936 2858 976 2921 et
996 2855 1054 2933 (sio
1076 2853 1177 2933 codd.)
1207 2872 1251 2919 ne
1281 2853 1317 2920 is

246 2961 408 3044 quidem
430 2963 543 3030 locus
566 2963 677 3031 standi
698 2963 750 3043 sit,
774 2963 842 3030 sed
864 2966 923 3029 eet.
967 2959 1046 3026 Cum
1068 2961 1206 3027 standi
1227 2960 1315 3027 loeo

246 3069 410 3155 Sieshyeus
444 3073 603 3153 comparet
632 3071 762 3137 locum
793 3068 1010 3137 habitandi
1031 3069 1142 3135 Parad.
1165 3067 1214 3146 18,
1248 3067 1317 3133 de·

245 3178 471 3245 versorium
499 3176 789 3257 commorandi,
818 3196 894 3243 non
922 3175 1138 3243 habitandi
1168 3175 1235 3241 Cat.
1264 3175 1315 3254 84,

244 3285 548 3368 receptaculum
586 3285 694 3351 nihil
733 3257 943 3351 sentiendi
976 3286 1067 3351 Tuso.
1095 3283 1133 3364 V,
1168 3283 1243 3358 117;
1276 3282 1315 3348 of.

245 3393 383 3458 Grumm.
407 3393 476 3460 Lat
498 3396 518 3478 ξ
539 3394 610 3456 417.

344 3512 421 3579 lhid.
437 3513 466 3590 6,
483 3512 520 3574 3:
543 3512 665 3594 Spero
688 3512 826 3592 etiarn,
850 3511 1039 3596 quoniam
1060 3507 1189 3575 adhue
1209 3507 1315 3573 nihil

243 3619 359 3685 nohis
390 3619 538 3698 obtuit,
572 3619 677 3684 nihil
707 3621 911 3686 mutasset
940 3636 1013 3683 nec
1033 3615 1220 3701 tegentis
1241 3615 1315 3680 hoc

243 3725 345 3809 quod
367 3744 452 3791 oum
473 3726 644 3792 fortiter
666 3727 705 3790 ct
726 3726 970 3810 diligenter,
986 3726 1067 3790 tum
1089 3723 1216 3788 ,etiam
1232 3740 1313 3787 me·

242 3832 416 3899 hercule.
447 3832 560 3897 Modo
591 3834 693 3898 enirn
728 3835 785 3898 cet.
839 3833 882 3898 Et
911 3830 1007 3897 totins
1036 3830 1093 3896 loci
1124 3831 1253 3896 formem
1282 3834 1315 3895 et

241 3938 424 4006 mendorum
447 3939 536 4005 sedes
557 3940 692 4004 indicere
713 3957 839 4023 possum
863 3941 896 4005 st
917 3938 1053 4022 aliquem
1076 3937 1170 4003 etiem
1192 3937 1313 4019 partem

242 4045 403 4130 corrigere.
458 4047 613 4130 Scriptum
646 4046 729 4111 enim
761 4047 861 4111 luerat
890 4045 929 4111 ed
956 4046 1036 4112 hauc
1057 4044 1189 4110 formam
1211 4048 1242 4109 et
1264 4043 1313 4108 his

241 4151 304 4218 iere
341 4153 460 4219 uerbis:
495 4135 617 4237 Spero
651 4154 790 4232 etiam,
824 4153 1012 4237 quoniam
1045 4151 1172 4218 adhuc
1205 4149 1312 4216 nihil
