2974 4660
306 295 348 356 34
679 294 741 349 Lib.
759 294 781 349 I.
801 296 866 362 Cap.
885 293 921 348 Il.

265 505 336 566 τοῖς
369 485 488 568 αότοῖς
520 488 685 582 α’χχὲλοις,
717 493 842 559 additur
873 511 892 558 8
923 490 1077 575 plerisque
1111 484 1239 575 λόχοισι
1261 490 1333 555 ante

265 613 363 675 τοῖσι,
393 599 514 680 deinde,
544 601 628 685 qnod
657 600 805 666 orationis
835 601 867 664 ot
894 599 1049 664 minarum
1076 597 1176 662 forma
1197 615 1242 671 eu,
1266 615 1334 679 quae

265 706 439 784 subiicitur,
468 707 693 774 Themistocles
715 705 799 770 nullo
820 705 913 772 modo
928 704 1009 786 apud
1023 722 1129 789 regem
1143 703 1188 769 nti
1203 703 1333 784 poterat,

264 831 319 894 pro
351 816 496 897 βασιλέα
527 813 728 880 substituitur
759 806 952 898 Ἀνδρίους,
993 811 1157 892 utrumqne
1193 809 1332 874 licenter.

265 917 403 997 Rectius,
426 921 540 1003 opinor,
564 920 691 986 tolletur
712 914 902 1004 χρεώμενος
913 917 1064 991 additum,
1086 917 1124 982 ut
1136 916 1335 997 responderet

265 1027 302 1099 ei.
333 1027 416 1109 quod
444 1025 593 1110 seqnitur,
621 1017 792 1111 ἐχρήσατο.
838 1027 907 1093 Non
940 1024 1008 1091 sine
1043 1042 1136 1090 causa
1157 1022 1334 1089 Herodotus

265 1132 508 1199 Themistoclem
541 1133 648 1198 narrat
681 1131 714 1198 in
750 1133 883 1216 nogotiis
919 1129 1049 1196 dirersis
1080 1127 1193 1194 iisdem
1229 1131 1333 1194 tamen

266 1239 383 1306 nuntiis
403 1257 494 1304 usum
515 1256 592 1304 esse.
990 1255 1007 1290 ο

364 1396 477 1470 1X‚7:
511 1392 584 1480 ἅμα
620 1395 653 1461 δὲ
686 1387 724 1460 τό
758 1389 867 1481 τεῖχός
895 1420 965 1480 σφι,
995 1387 1033 1460 τό
1065 1399 1102 1458 ἐν
1132 1393 1176 1480 τῷ
1198 1385 1333 1477 Ἰσθμῷ

266 1503 423 1590 ἐτείχεον,
457 1504 511 1569 καὶ
546 1498 613 1588 ἥδη
646 1495 782 1578 ἐτισῖλξις
818 1494 1006 1588 ἐλάμβανε.
1062 1501 1161 1565 Prava
1191 1497 1256 1564 baec
1287 1498 1336 1564 est

266 1611 428 1676 verborum
454 1609 643 1675 coniunctio:
674 1603 746 1693 ἅμα
760 1609 794 1675 δὲ
817 1605 855 1676 τό
879 1602 988 1696 τεῖχός
1011 1632 1067 1692 σφι
1190 1607 1244 1671 καὶ
1267 1600 1334 1689 ἤδη

266 1709 403 1793 ἐπάλξις
425 1709 611 1802 ἐλάμβανε,
645 1734 681 1781 ac
712 1735 750 1780 no
782 1715 849 1799 ipse
877 1718 1001 1800 quidam
1031 1716 1115 1780 locus
1145 1711 1334 1797 pronominis

265 1824 325 1909 σφί
355 1823 389 1888 id
420 1823 461 1888 ad
493 1815 667 1909 ἐλάμβανε
700 1820 808 1886 referri
841 1821 924 1887 sinit
977 1819 1142 1886 Particulae
1180 1821 1234 1885 καὶ
1268 1814 1335 1903 ἤδη

264 1929 429 1996 manifesto
452 1929 622 1994 ostendunt
642 1928 719 1993 dnos
741 1929 876 2009 separari
898 1929 942 1992 rei
966 1929 999 1993 et
1023 1926 1187 2012 sententiae
1208 1925 1333 2009 padus,

265 2039 301 2101 ul
320 2036 456 2117 primurn
471 2033 603 2100 munitio
619 2032 798 2100 continuata
808 2034 940 2112 dicatur,
960 2031 1082 2108 deinde,
1098 2050 1257 2117 quousque
1271 2029 1335 2097 iam

265 2141 458 2223 processerit
503 2140 705 2206 scribendum
726 2141 791 2204 sine
814 2140 920 2207 dubio:
944 2138 1018 2226 ἅμα
1042 2139 1075 2206 δὲ
1090 2135 1129 2206 τδ
1153 2131 1262 2225 τεῖχός
1276 2161 1334 2222 σφι

266 2245 303 2313 τό
321 2252 358 2313 ἐν
372 2247 418 2335 τῷ
440 2242 575 2334 Ἰσθμῷ
599 2247 812 2331 ἐτειχὲετσ
837 2247 891 2312 καὶ
911 2243 976 2333 ἤδη
997 2240 1134 2322 ἐπάλξις
1149 2240 1335 2330 ἐλάμβανε.

187 2419 191 2428 Α
265 2353 425 2419 Articulus
448 2347 490 2419 σε’
511 2373 567 2438 pro
590 2353 721 2418 relativo
736 2356 881 2438 acceptus
896 2372 1028 2420 errorem
1042 2354 1186 2440 genuisse
1202 2351 1334 2418 vidntur.

365 2510 445 2578 Ibid.
479 2513 537 2577 57:
574 2507 829 2598 nostrosnostros
862 2513 896 2579 δὲ
929 2514 997 2580 τῶν
1035 2508 1099 2580 σόν
1135 2511 1334 2598 Παυσανίῃ,

266 2611 451 2694 καταδόξας
480 2612 609 2694 αότσδς
632 2624 711 2709 ἰθέῃ
733 2625 832 2709 τέχνῃ
854 2615 1041 2687 &nolensis
1062 2613 1182 2695 αὐτόν,
1205 2613 1335 2685 donic-

263 2716 373 2810 βόντα
407 2720 470 2791 τόν
502 2719 602 2812 λόχον
633 2722 676 2792 τό
709 2722 801 2793 ὅπλα
835 2717 896 2814 ἦγε
928 2722 1043 2813 βάδην
1071 2721 1158 2813 πρός
1187 2723 1224 2792 τό
1248 2722 1331 2793 ἄλλο

263 2845 391 2917 στῖφος.
449 2834 720 2916 Amompbarstns,
753 2833 807 2916 qni
840 2834 949 2900 cedere
980 2834 1049 2899 loco
1071 2833 1224 2912 noluerat,
1259 2853 1329 2898 cnm

263 2939 448 3004 Pausaniam
483 2941 659 3024 ceterosque
691 2958 762 3005 cum
795 2958 830 3004 eo
863 2938 1021 3006 discedere
1051 2939 1180 3014 videret,
1210 2939 1333 3022 putarit

263 3042 322 3110 hoc
351 3045 434 3110 certo
469 3046 501 3109 et
533 3045 686 3113 destinato
717 3044 844 3110 consilio
875 3065 927 3111 eos
955 3047 1065 3120 facere,
1086 3045 1118 3111 in
1140 3063 1200 3128 qun
1223 3043 1334 3110 fefellit

264 3169 335 3215 eum
367 3150 552 3235 coniectura,
586 3170 659 3216 nam
691 3151 858 3216 Pausanias
891 3151 960 3216 ideo
993 3153 1115 3216 tantum
1139 3150 1332 3226 discesserat,

262 3241 506 3341 quod'putabat²
528 3257 556 3321 si
577 3255 757 3322 discedendi
784 3257 947 3323 consilinm
968 3257 1115 3322 audacter
1136 3255 1330 3324 ostendisset.

262 3362 539 3444 Amompharetnm
561 3364 736 3427 secuturum
760 3381 836 3443 osse,
859 3364 939 3448 quod
962 3364 1083 3430 accidit.
1131 3363 1241 3446 ltaque
1262 3365 1332 3428 arte

261 3467 421 3533 Pausaniae
455 3470 487 3532 et
519 3467 667 3532 simulata
699 3467 823 3532 consilii
854 3469 1003 3536 firmitate
1031 3471 1188 3552 permotus
1216 3473 1272 3544 est,
1294 3470 1332 3533 ut

261 3592 317 3638 sno
335 3575 401 3656 ipse
425 3573 550 3638 consilio
571 3572 678 3638 relicto
700 3573 887 3641 Pausaniam
915 3579 1103 3660 sequeretur.
1159 3575 1274 3641 Verum
1298 3575 1332 3640 et

264 3681 302 3744 ab
323 3679 382 3744 bac
404 3697 506 3743 rernm
529 3681 659 3747 veritate
682 3681 825 3746 abhorret
855 3685 936 3770 ἰθέῃ
958 3691 1066 3772 τέχνῃ,
1094 3685 1126 3747 el
1152 3683 1255 3765 ipsum
1275 3699 1332 3763 per

261 3804 295 3850 se
314 3802 408 3866 prave
430 3782 553 3862 dicitnr,
576 3785 719 3867 quoniam
742 3789 997 3863 contreniscunt,
1027 3807 1096 3872 quae
1117 3807 1187 3860 rere
1210 3788 1242 3853 et
1263 3789 1330 3852 sine

260 3891 325 3955 nlla
347 3888 543 3954 simulatione
565 3891 644 3958 finnt
666 3897 781 3982 (ἰθέῃ),
814 3899 846 3961 et
878 3913 947 3979 qnae
979 3896 1046 3960 arto
1079 3898 1209 3984 (τέχνῃ).
1265 3898 1331 3962 Aut

259 3996 357 4080 igitur
378 3999 477 4084 τέχνῃ
497 4015 620 4080 prorsus
632 3998 837 4065 omittendum
860 4001 922 4075 ant,
940 4000 1022 4084 quod
1036 4000 1126 4086 longe
1141 4000 1329 4086 probabilius

260 4105 317 4178 est,
339 4102 552 4170 scribendum:
575 4100 761 4182 καταδόξας
786 4097 914 4202 αὐτούς
935 4110 1028 4197 ἰδίῃ,
1051 4103 1206 4196 <μή>
1228 4110 1328 4198 τέχνῃ
