<?xml version="1.0" encoding="UTF-8"?>
<!DOCTYPE html PUBLIC "-//W3C//DTD XHTML 1.0 Transitional//EN"
    "http://www.w3.org/TR/xhtml1/DTD/xhtml1-transitional.dtd">
<html xmlns="http://www.w3.org/1999/xhtml" xml:lang="en" lang="en">
 <head>
  <title>
</title>
<meta http-equiv="Content-Type" content="text/html;charset=utf-8" />
  <meta name='ocr-system' content='tesseract 3.04.00' />
  <meta name='ocr-capabilities' content='ocr_page ocr_carea ocr_par ocr_line ocrx_word'/>
</head>
<body>
  <div class='ocr_page' id='page_1' title='image "./adversariacriti04madvgoog_0128.png"; bbox 0 0 3008 4650; ppageno 0'>
   <div class='ocr_carea' id='block_1_1' title="bbox 552 311 1197 378">
    <p class='ocr_par' dir='ltr' id='par_1_1' title="bbox 552 311 1197 378">
     <span class='ocr_line' id='line_1_1' title="bbox 552 311 1197 378; baseline 0.017 -12"><span class='ocrx_word' id='word_1_1' title='bbox 552 311 693 367; x_wconf 83' lang='lat' dir='ltr'>Ciceronis</span> <span class='ocrx_word' id='word_1_2' title='bbox 711 313 858 369; x_wconf 88' lang='lat' dir='ltr'>orationes.</span> <span class='ocrx_word' id='word_1_3' title='bbox 1136 314 1197 378; x_wconf 76' lang='lat'>121·</span> 
     </span>
    </p>
   </div>
   <div class='ocr_carea' id='block_1_2' title="bbox 168 507 1239 3156">
    <p class='ocr_par' dir='ltr' id='par_1_2' title="bbox 168 507 1239 3156">
     <span class='ocr_line' id='line_1_2' title="bbox 270 507 1238 589; baseline 0.005 -16"><span class='ocrx_word' id='word_1_4' title='bbox 270 509 847 579; x_wconf 78' lang='lat' dir='ltr'>loid.1o:Dubioaoitisetiam</span> <span class='ocrx_word' id='word_1_5' title='bbox 873 510 1047 589; x_wconf 85' lang='lat' dir='ltr'>diutius,</span> <span class='ocrx_word' id='word_1_6' title='bbox 1069 507 1238 588; x_wconf 85' lang='lat' dir='ltr'>iudices,</span> 
     </span>
     <span class='ocr_line' id='line_1_3' title="bbox 170 615 1238 700; baseline 0.005 -21"><span class='ocrx_word' id='word_1_7' title='bbox 170 617 264 698; x_wconf 86' lang='lat' dir='ltr'>quin</span> <span class='ocrx_word' id='word_1_8' title='bbox 293 662 425 681; x_wconf 87' lang='grc'><strong>.....</strong></span> <span class='ocrx_word' id='word_1_9' title='bbox 455 619 712 684; x_wconf 82' lang='lat' dir='ltr'>verissimum</span> <span class='ocrx_word' id='word_1_10' title='bbox 741 618 814 696; x_wconf 78' lang='lat' dir='ltr'>sit,</span> <span class='ocrx_word' id='word_1_11' title='bbox 841 616 956 683; x_wconf 90' lang='lat' dir='ltr'>aliud</span> <span class='ocrx_word' id='word_1_12' title='bbox 982 635 1049 700; x_wconf 88' lang='lat' dir='ltr'>per</span> <span class='ocrx_word' id='word_1_13' title='bbox 1075 615 1147 682; x_wconf 90' lang='lat' dir='ltr'>hoe</span> <span class='ocrx_word' id='word_1_14' title='bbox 1175 617 1238 684; x_wconf 91' lang='lat' dir='ltr'>iu·</span> 
     </span>
     <span class='ocr_line' id='line_1_4' title="bbox 170 721 1239 809; baseline 0.006 -24"><span class='ocrx_word' id='word_1_15' title='bbox 170 721 321 788; x_wconf 82' lang='lat' dir='ltr'><strong>dicium</strong></span> <span class='ocrx_word' id='word_1_16' title='bbox 350 724 457 790; x_wconf 88' lang='lat' dir='ltr'>nihil</span> <span class='ocrx_word' id='word_1_17' title='bbox 485 727 566 809; x_wconf 87' lang='lat' dir='ltr'>agi,</span> <span class='ocrx_word' id='word_1_18' title='bbox 597 723 679 790; x_wconf 91' lang='lat' dir='ltr'>nisi</span> <span class='ocrx_word' id='word_1_19' title='bbox 705 727 749 789; x_wconf 91' lang='lat' dir='ltr'>nt</span> <span class='ocrx_word' id='word_1_20' title='bbox 776 723 820 788; x_wconf 89' lang='lat' dir='ltr'>M.</span> <span class='ocrx_word' id='word_1_21' title='bbox 849 723 1019 790; x_wconf 83' lang='lat' dir='ltr'>Fonteio</span> <span class='ocrx_word' id='word_1_22' title='bbox 1046 742 1239 807; x_wconf 93' lang='lat' dir='ltr'>oppresso</span> 
     </span>
     <span class='ocr_line' id='line_1_5' title="bbox 169 815 1238 914; baseline 0.007 -22"><span class='ocrx_word' id='word_1_23' title='bbox 169 829 427 897; x_wconf 71' lang='lat' dir='ltr'>testimoniis</span> <span class='ocrx_word' id='word_1_24' title='bbox 459 849 608 909; x_wconf 82' lang='lat' dir='ltr'>eorum,</span> <span class='ocrx_word' id='word_1_25' title='bbox 642 831 786 914; x_wconf 89' lang='lat' dir='ltr'>quibus</span> <span class='ocrx_word' id='word_1_26' title='bbox 818 830 947 896; x_wconf 88' lang='lat' dir='ltr'>multa</span> <span class='ocrx_word' id='word_1_27' title='bbox 978 831 1036 896; x_wconf 92' lang='lat' dir='ltr'>rei</span> <span class='ocrx_word' id='word_1_28' title='bbox 1065 815 1238 914; x_wconf 89' lang='lat' dir='ltr'>publioae</span> 
     </span>
     <span class='ocr_line' id='line_1_6' title="bbox 170 935 1237 1022; baseline 0.004 -23"><span class='ocrx_word' id='word_1_29' title='bbox 170 952 291 1002; x_wconf 89' lang='lat' dir='ltr'>censa</span> <span class='ocrx_word' id='word_1_30' title='bbox 331 935 604 1004; x_wconf 83' lang='lat' dir='ltr'>invitissimis</span> <span class='ocrx_word' id='word_1_31' title='bbox 643 937 844 1019; x_wconf 87' lang='lat' dir='ltr'>imperata</span> <span class='ocrx_word' id='word_1_32' title='bbox 879 938 986 1013; x_wconf 88' lang='lat' dir='ltr'>sunt,</span> <span class='ocrx_word' id='word_1_33' title='bbox 1026 937 1237 1022; x_wconf 76' lang='lat' dir='ltr'>segniores</span> 
     </span>
     <span class='ocr_line' id='line_1_7' title="bbox 169 1041 1237 1128; baseline 0.003 -22"><span class='ocrx_word' id='word_1_34' title='bbox 169 1041 341 1122; x_wconf 86' lang='lat' dir='ltr'>posthac</span> <span class='ocrx_word' id='word_1_35' title='bbox 364 1043 409 1108; x_wconf 87' lang='lat' dir='ltr'>ad</span> <span class='ocrx_word' id='word_1_36' title='bbox 431 1043 710 1128; x_wconf 90' lang='lat' dir='ltr'>imperandum</span> <span class='ocrx_word' id='word_1_37' title='bbox 730 1044 860 1110; x_wconf 89' lang='lat' dir='ltr'>ceteri</span> <span class='ocrx_word' id='word_1_38' title='bbox 887 1044 987 1122; x_wconf 75' lang='lat' dir='ltr'>sint,</span> <span class='ocrx_word' id='word_1_39' title='bbox 1017 1062 1100 1109; x_wconf 87' lang='lat' dir='ltr'>cnm</span> <span class='ocrx_word' id='word_1_40' title='bbox 1122 1042 1237 1110; x_wconf 85' lang='lat' dir='ltr'>vide·</span> 
     </span>
     <span class='ocr_line' id='line_1_8' title="bbox 169 1148 1237 1234; baseline 0.004 -23"><span class='ocrx_word' id='word_1_41' title='bbox 169 1148 251 1213; x_wconf 87' lang='lat' dir='ltr'>atis</span> <span class='ocrx_word' id='word_1_42' title='bbox 273 1167 339 1214; x_wconf 87' lang='lat' dir='ltr'>eos</span> <span class='ocrx_word' id='word_1_43' title='bbox 361 1168 610 1233; x_wconf 81' lang='lat' dir='ltr'>oppugnare,</span> <span class='ocrx_word' id='word_1_44' title='bbox 641 1150 787 1233; x_wconf 88' lang='lat' dir='ltr'>quibus</span> <span class='ocrx_word' id='word_1_45' title='bbox 816 1151 956 1234; x_wconf 90' lang='lat' dir='ltr'>populi</span> <span class='ocrx_word' id='word_1_46' title='bbox 979 1149 1142 1216; x_wconf 87' lang='lat' dir='ltr'>Romani</span> <span class='ocrx_word' id='word_1_47' title='bbox 1164 1154 1237 1215; x_wconf 92' lang='lat' dir='ltr'>im·</span> 
     </span>
     <span class='ocr_line' id='line_1_9' title="bbox 169 1255 1237 1339; baseline 0.002 -20"><span class='ocrx_word' id='word_1_48' title='bbox 169 1255 322 1335; x_wconf 88' lang='lat' dir='ltr'>perium</span> <span class='ocrx_word' id='word_1_49' title='bbox 354 1256 555 1323; x_wconf 83' lang='lat' dir='ltr'>incolume</span> <span class='ocrx_word' id='word_1_50' title='bbox 590 1275 678 1323; x_wconf 90' lang='lat' dir='ltr'>esse</span> <span class='ocrx_word' id='word_1_51' title='bbox 709 1275 784 1322; x_wconf 94' lang='lat' dir='ltr'>non</span> <span class='ocrx_word' id='word_1_52' title='bbox 817 1257 974 1339; x_wconf 82' lang='lat' dir='ltr'>possit?</span> <span class='ocrx_word' id='word_1_53' title='bbox 1017 1257 1067 1322; x_wconf 87' lang='lat' dir='ltr'>Sic</span> <span class='ocrx_word' id='word_1_54' title='bbox 1093 1257 1126 1321; x_wconf 93' lang='lat' dir='ltr'>in</span> <span class='ocrx_word' id='word_1_55' title='bbox 1156 1257 1237 1322; x_wconf 91' lang='lat' dir='ltr'>enti-</span> 
     </span>
     <span class='ocr_line' id='line_1_10' title="bbox 169 1361 1238 1446; baseline 0.002 -20"><span class='ocrx_word' id='word_1_56' title='bbox 169 1361 316 1442; x_wconf 88' lang='lat' dir='ltr'>quissimo</span> <span class='ocrx_word' id='word_1_57' title='bbox 349 1362 451 1428; x_wconf 88' lang='lat' dir='ltr'>oedioe</span> <span class='ocrx_word' id='word_1_58' title='bbox 481 1363 579 1440; x_wconf 85' lang='lat' dir='ltr'>(Vat.)</span> <span class='ocrx_word' id='word_1_59' title='bbox 613 1363 758 1430; x_wconf 78' lang='lat' dir='ltr'>scribitur</span> <span class='ocrx_word' id='word_1_60' title='bbox 790 1365 927 1430; x_wconf 87' lang='lat' dir='ltr'>extrema</span> <span class='ocrx_word' id='word_1_61' title='bbox 958 1365 1045 1446; x_wconf 86' lang='lat' dir='ltr'>parte</span> <span class='ocrx_word' id='word_1_62' title='bbox 1078 1363 1238 1429; x_wconf 80' lang='lat' dir='ltr'>sententies</span> 
     </span>
     <span class='ocr_line' id='line_1_11' title="bbox 170 1467 1237 1553; baseline 0.002 -20"><span class='ocrx_word' id='word_1_63' title='bbox 170 1469 274 1551; x_wconf 84' lang='lat' dir='ltr'>aperte</span> <span class='ocrx_word' id='word_1_64' title='bbox 295 1468 393 1537; x_wconf 88' lang='lat' dir='ltr'>fracta</span> <span class='ocrx_word' id='word_1_65' title='bbox 414 1473 447 1535; x_wconf 91' lang='lat' dir='ltr'>et</span> <span class='ocrx_word' id='word_1_66' title='bbox 467 1488 594 1548; x_wconf 80' lang='lat' dir='ltr'>manca3</span> <span class='ocrx_word' id='word_1_67' title='bbox 615 1469 647 1536; x_wconf 90' lang='lat' dir='ltr'>in</span> <span class='ocrx_word' id='word_1_68' title='bbox 670 1468 775 1537; x_wconf 90' lang='lat' dir='ltr'>codice</span> <span class='ocrx_word' id='word_1_69' title='bbox 791 1467 1021 1552; x_wconf 76' lang='lat' dir='ltr'>salisburgensi</span> <span class='ocrx_word' id='word_1_70' title='bbox 1036 1469 1167 1552; x_wconf 87' lang='lat' dir='ltr'>aliisque</span> <span class='ocrx_word' id='word_1_71' title='bbox 1182 1489 1237 1553; x_wconf 91' lang='lat' dir='ltr'>pro</span> 
     </span>
     <span class='ocr_line' id='line_1_12' title="bbox 169 1574 1237 1661; baseline 0.001 -21"><span class='ocrx_word' id='word_1_72' title='bbox 169 1574 347 1641; x_wconf 85' lang='lat' dir='ltr'>videatis</span> <span class='ocrx_word' id='word_1_73' title='bbox 369 1576 514 1644; x_wconf 89' lang='lat' dir='ltr'>scribitur</span> <span class='ocrx_word' id='word_1_74' title='bbox 535 1575 720 1655; x_wconf 77' lang='lat' dir='ltr'>videant,</span> <span class='ocrx_word' id='word_1_75' title='bbox 743 1576 853 1642; x_wconf 88' lang='lat' dir='ltr'>deinde</span> <span class='ocrx_word' id='word_1_76' title='bbox 876 1576 1120 1661; x_wconf 79' lang='lat' dir='ltr'>oppugnari,</span> <span class='ocrx_word' id='word_1_77' title='bbox 1146 1577 1237 1658; x_wconf 90' lang='lat' dir='ltr'>qui-</span> 
     </span>
     <span class='ocr_line' id='line_1_13' title="bbox 169 1679 1237 1766; baseline -0.002 -18"><span class='ocrx_word' id='word_1_78' title='bbox 169 1684 240 1748; x_wconf 91' lang='lat' dir='ltr'>bus</span> <span class='ocrx_word' id='word_1_79' title='bbox 261 1679 621 1766; x_wconf 88' lang='lat' dir='ltr'>oppressispopnli</span> <span class='ocrx_word' id='word_1_80' title='bbox 636 1681 1029 1764; x_wconf 86' lang='lat' dir='ltr'>Romaniimperium</span> <span class='ocrx_word' id='word_1_81' title='bbox 1044 1681 1237 1748; x_wconf 89' lang='lat' dir='ltr'>incolume</span> 
     </span>
     <span class='ocr_line' id='line_1_14' title="bbox 170 1788 1236 1873; baseline -0.001 -19"><span class='ocrx_word' id='word_1_82' title='bbox 170 1808 257 1856; x_wconf 90' lang='lat' dir='ltr'>esse</span> <span class='ocrx_word' id='word_1_83' title='bbox 279 1807 354 1855; x_wconf 92' lang='lat' dir='ltr'>non</span> <span class='ocrx_word' id='word_1_84' title='bbox 383 1791 526 1873; x_wconf 90' lang='lat' dir='ltr'>possit.</span> <span class='ocrx_word' id='word_1_85' title='bbox 577 1788 637 1869; x_wconf 82' lang='lat' dir='ltr'>Qui</span> <span class='ocrx_word' id='word_1_86' title='bbox 659 1789 841 1873; x_wconf 89' lang='lat' dir='ltr'>diligentius</span> <span class='ocrx_word' id='word_1_87' title='bbox 863 1789 901 1853; x_wconf 90' lang='lat' dir='ltr'>ad</span> <span class='ocrx_word' id='word_1_88' title='bbox 924 1789 1111 1854; x_wconf 82' lang='lat' dir='ltr'>senteutiam</span> <span class='ocrx_word' id='word_1_89' title='bbox 1134 1790 1236 1854; x_wconf 88' lang='lat' dir='ltr'>etten-</span> 
     </span>
     <span class='ocr_line' id='line_1_15' title="bbox 170 1895 1235 1981; baseline 0.002 -22"><span class='ocrx_word' id='word_1_90' title='bbox 170 1895 258 1972; x_wconf 88' lang='lat' dir='ltr'>derit,</span> <span class='ocrx_word' id='word_1_91' title='bbox 292 1896 382 1964; x_wconf 86' lang='lat' dir='ltr'>facile</span> <span class='ocrx_word' id='word_1_92' title='bbox 414 1896 641 1964; x_wconf 80' lang='lat' dir='ltr'>animadvertet</span> <span class='ocrx_word' id='word_1_93' title='bbox 669 1915 766 1981; x_wconf 88' lang='lat' dir='ltr'>neque</span> <span class='ocrx_word' id='word_1_94' title='bbox 789 1914 839 1961; x_wconf 92' lang='lat' dir='ltr'>eos</span> <span class='ocrx_word' id='word_1_95' title='bbox 862 1895 952 1972; x_wconf 81' lang='lat' dir='ltr'>solos,</span> <span class='ocrx_word' id='word_1_96' title='bbox 975 1898 1028 1979; x_wconf 87' lang='lat' dir='ltr'>qui</span> <span class='ocrx_word' id='word_1_97' title='bbox 1050 1898 1235 1980; x_wconf 83' lang='lat' dir='ltr'>oppugnent,</span> 
     </span>
     <span class='ocr_line' id='line_1_16' title="bbox 170 2002 1237 2086; baseline 0.002 -20"><span class='ocrx_word' id='word_1_98' title='bbox 170 2003 321 2070; x_wconf 89' lang='lat' dir='ltr'>nominari</span> <span class='ocrx_word' id='word_1_99' title='bbox 350 2004 460 2070; x_wconf 85' lang='lat' dir='ltr'>debere</span> <span class='ocrx_word' id='word_1_100' title='bbox 490 2011 595 2086; x_wconf 85' lang='lat' dir='ltr'>(quem</span> <span class='ocrx_word' id='word_1_101' title='bbox 624 2004 788 2070; x_wconf 85' lang='lat' dir='ltr'>verborum</span> <span class='ocrx_word' id='word_1_102' title='bbox 821 2002 1061 2086; x_wconf 85' lang='lat' dir='ltr'>supplendorum</span> <span class='ocrx_word' id='word_1_103' title='bbox 1086 2003 1237 2070; x_wconf 86' lang='lat' dir='ltr'>rationem</span> 
     </span>
     <span class='ocr_line' id='line_1_17' title="bbox 169 2108 1238 2195; baseline 0.004 -23"><span class='ocrx_word' id='word_1_104' title='bbox 169 2108 357 2176; x_wconf 87' lang='lat' dir='ltr'>Niebuhrius</span> <span class='ocrx_word' id='word_1_105' title='bbox 378 2113 503 2176; x_wconf 88' lang='lat' dir='ltr'>secutus</span> <span class='ocrx_word' id='word_1_106' title='bbox 520 2111 569 2176; x_wconf 91' lang='lat' dir='ltr'>est</span> <span class='ocrx_word' id='word_1_107' title='bbox 583 2111 622 2174; x_wconf 90' lang='lat' dir='ltr'>ab</span> <span class='ocrx_word' id='word_1_108' title='bbox 638 2110 752 2176; x_wconf 88' lang='lat' dir='ltr'>Orellio</span> <span class='ocrx_word' id='word_1_109' title='bbox 768 2110 916 2176; x_wconf 88' lang='lat' dir='ltr'>hactenus</span> <span class='ocrx_word' id='word_1_110' title='bbox 932 2110 998 2176; x_wconf 89' lang='lat' dir='ltr'>iure</span> <span class='ocrx_word' id='word_1_111' title='bbox 1012 2109 1238 2195; x_wconf 79' lang='lat' dir='ltr'>reprehensus),</span> 
     </span>
     <span class='ocr_line' id='line_1_18' title="bbox 170 2215 1237 2301; baseline 0.002 -20"><span class='ocrx_word' id='word_1_112' title='bbox 170 2234 267 2300; x_wconf 89' lang='lat' dir='ltr'>neque</span> <span class='ocrx_word' id='word_1_113' title='bbox 289 2235 352 2293; x_wconf 84' lang='lat' dir='ltr'>eos,</span> <span class='ocrx_word' id='word_1_114' title='bbox 374 2218 425 2301; x_wconf 90' lang='lat' dir='ltr'>qui</span> <span class='ocrx_word' id='word_1_115' title='bbox 448 2219 661 2301; x_wconf 86' lang='lat' dir='ltr'>oppugnantur</span> <span class='ocrx_word' id='word_1_116' title='bbox 683 2219 790 2301; x_wconf 90' lang='lat' dir='ltr'>(quem</span> <span class='ocrx_word' id='word_1_117' title='bbox 812 2215 975 2300; x_wconf 90' lang='lat' dir='ltr'>supplendi</span> <span class='ocrx_word' id='word_1_118' title='bbox 997 2218 1079 2284; x_wconf 82' lang='lat' dir='ltr'>siem</span> <span class='ocrx_word' id='word_1_119' title='bbox 1102 2216 1237 2283; x_wconf 88' lang='lat' dir='ltr'>Orellius</span> 
     </span>
     <span class='ocr_line' id='line_1_19' title="bbox 168 2322 1233 2414; baseline 0.002 -26"><span class='ocrx_word' id='word_1_120' title='bbox 168 2341 237 2388; x_wconf 89' lang='lat' dir='ltr'>cum</span> <span class='ocrx_word' id='word_1_121' title='bbox 261 2322 416 2391; x_wconf 90' lang='lat' dir='ltr'>codicibus</span> <span class='ocrx_word' id='word_1_122' title='bbox 438 2323 632 2389; x_wconf 88' lang='lat' dir='ltr'>inferioribus</span> <span class='ocrx_word' id='word_1_123' title='bbox 653 2324 761 2407; x_wconf 88' lang='lat' dir='ltr'>tenet),</span> <span class='ocrx_word' id='word_1_124' title='bbox 791 2324 845 2414; x_wconf 88' lang='lat' dir='ltr'>sed</span> <span class='ocrx_word' id='word_1_125' title='bbox 872 2342 908 2389; x_wconf 85' lang='lat' dir='ltr'>ex</span> <span class='ocrx_word' id='word_1_126' title='bbox 929 2328 1130 2409; x_wconf 88' lang='lat' dir='ltr'>utrorumque</span> <span class='ocrx_word' id='word_1_127' title='bbox 1152 2343 1233 2392; x_wconf 90' lang='lat' dir='ltr'>oom-</span> 
     </span>
     <span class='ocr_line' id='line_1_20' title="bbox 169 2429 1235 2516; baseline 0.002 -22"><span class='ocrx_word' id='word_1_128' title='bbox 169 2429 326 2511; x_wconf 88' lang='lat' dir='ltr'>paratione</span> <span class='ocrx_word' id='word_1_129' title='bbox 347 2433 379 2495; x_wconf 92' lang='lat' dir='ltr'>et</span> <span class='ocrx_word' id='word_1_130' title='bbox 400 2431 610 2498; x_wconf 87' lang='lat' dir='ltr'>coniunctione</span> <span class='ocrx_word' id='word_1_131' title='bbox 631 2431 848 2514; x_wconf 81' lang='lat' dir='ltr'>argumentum</span> <span class='ocrx_word' id='word_1_132' title='bbox 876 2431 956 2496; x_wconf 89' lang='lat' dir='ltr'>duci.</span> <span class='ocrx_word' id='word_1_133' title='bbox 1006 2433 1124 2516; x_wconf 76' lang='lat' dir='ltr'>ltaque,</span> <span class='ocrx_word' id='word_1_134' title='bbox 1154 2432 1235 2516; x_wconf 91' lang='lat' dir='ltr'>qnod</span> 
     </span>
     <span class='ocr_line' id='line_1_21' title="bbox 170 2537 1235 2621; baseline 0.002 -20"><span class='ocrx_word' id='word_1_135' title='bbox 170 2538 262 2602; x_wconf 85' lang='lat' dir='ltr'>etiam</span> <span class='ocrx_word' id='word_1_136' title='bbox 285 2537 426 2604; x_wconf 89' lang='lat' dir='ltr'>codicum</span> <span class='ocrx_word' id='word_1_137' title='bbox 446 2538 478 2602; x_wconf 93' lang='lat' dir='ltr'>in</span> <span class='ocrx_word' id='word_1_138' title='bbox 507 2556 737 2620; x_wconf 84' lang='lat' dir='ltr'>oppugnare</span> <span class='ocrx_word' id='word_1_139' title='bbox 767 2539 799 2602; x_wconf 91' lang='lat' dir='ltr'>et</span> <span class='ocrx_word' id='word_1_140' title='bbox 827 2538 1053 2621; x_wconf 88' lang='lat' dir='ltr'>oppugnari</span> <span class='ocrx_word' id='word_1_141' title='bbox 1077 2537 1235 2604; x_wconf 85' lang='lat' dir='ltr'>dissensus</span> 
     </span>
     <span class='ocr_line' id='line_1_22' title="bbox 169 2641 1234 2728; baseline 0 -20"><span class='ocrx_word' id='word_1_142' title='bbox 169 2646 280 2728; x_wconf 85' lang='lat' dir='ltr'>arguit,</span> <span class='ocrx_word' id='word_1_143' title='bbox 302 2663 338 2710; x_wconf 86' lang='lat' dir='ltr'>ex</span> <span class='ocrx_word' id='word_1_144' title='bbox 359 2645 427 2728; x_wconf 90' lang='lat' dir='ltr'>ipsa</span> <span class='ocrx_word' id='word_1_145' title='bbox 447 2645 609 2711; x_wconf 86' lang='lat' dir='ltr'>verborum</span> <span class='ocrx_word' id='word_1_146' title='bbox 632 2644 663 2709; x_wconf 91' lang='lat' dir='ltr'>in</span> <span class='ocrx_word' id='word_1_147' title='bbox 685 2645 815 2727; x_wconf 89' lang='lat' dir='ltr'>utroque</span> <span class='ocrx_word' id='word_1_148' title='bbox 838 2662 952 2728; x_wconf 83' lang='lat' dir='ltr'>geuene</span> <span class='ocrx_word' id='word_1_149' title='bbox 973 2641 1108 2709; x_wconf 86' lang='lat' dir='ltr'>notando</span> <span class='ocrx_word' id='word_1_150' title='bbox 1123 2643 1234 2709; x_wconf 92' lang='lat' dir='ltr'>simili-</span> 
     </span>
     <span class='ocr_line' id='line_1_23' title="bbox 168 2749 1236 2830; baseline 0.001 -15"><span class='ocrx_word' id='word_1_151' title='bbox 168 2751 276 2817; x_wconf 88' lang='lat' dir='ltr'>tudine</span> <span class='ocrx_word' id='word_1_152' title='bbox 304 2756 396 2818; x_wconf 88' lang='lat' dir='ltr'>natns</span> <span class='ocrx_word' id='word_1_153' title='bbox 429 2757 476 2820; x_wconf 89' lang='lat' dir='ltr'>est</span> <span class='ocrx_word' id='word_1_154' title='bbox 508 2770 600 2830; x_wconf 81' lang='lat' dir='ltr'>error,</span> <span class='ocrx_word' id='word_1_155' title='bbox 633 2768 704 2815; x_wconf 88' lang='lat' dir='ltr'>cum</span> <span class='ocrx_word' id='word_1_156' title='bbox 726 2749 881 2814; x_wconf 88' lang='lat' dir='ltr'>sententia</span> <span class='ocrx_word' id='word_1_157' title='bbox 902 2750 942 2816; x_wconf 89' lang='lat' dir='ltr'>ad</span> <span class='ocrx_word' id='word_1_158' title='bbox 964 2749 1043 2815; x_wconf 88' lang='lat' dir='ltr'>hanc</span> <span class='ocrx_word' id='word_1_159' title='bbox 1065 2751 1193 2816; x_wconf 81' lang='lat' dir='ltr'>formem</span> <span class='ocrx_word' id='word_1_160' title='bbox 1217 2771 1236 2816; x_wconf 90' lang='lat' dir='ltr'>a</span> 
     </span>
     <span class='ocr_line' id='line_1_24' title="bbox 169 2855 1235 2943; baseline 0.003 -22"><span class='ocrx_word' id='word_1_161' title='bbox 169 2855 313 2924; x_wconf 80' lang='lat' dir='ltr'>Cicerone</span> <span class='ocrx_word' id='word_1_162' title='bbox 345 2859 513 2943; x_wconf 88' lang='lat' dir='ltr'>composita</span> <span class='ocrx_word' id='word_1_163' title='bbox 544 2856 671 2923; x_wconf 86' lang='lat' dir='ltr'>fuisset:</span> <span class='ocrx_word' id='word_1_164' title='bbox 709 2875 773 2922; x_wconf 91' lang='lat' dir='ltr'>eos</span> <span class='ocrx_word' id='word_1_165' title='bbox 806 2873 1052 2940; x_wconf 85' lang='lat' dir='ltr'>oppugnare,</span> <span class='ocrx_word' id='word_1_166' title='bbox 1090 2857 1235 2941; x_wconf 88' lang='lat' dir='ltr'>quibus</span> 
     </span>
     <span class='ocr_line' id='line_1_25' title="bbox 170 2963 1236 3048; baseline 0 -18"><span class='ocrx_word' id='word_1_167' title='bbox 170 2965 489 3047; x_wconf 79' lang='lat' dir='ltr'>(vincentibus,</span> <span class='ocrx_word' id='word_1_168' title='bbox 522 2981 587 3030; x_wconf 92' lang='lat' dir='ltr'>eos</span> <span class='ocrx_word' id='word_1_169' title='bbox 619 2965 750 3028; x_wconf 89' lang='lat' dir='ltr'>autem</span> <span class='ocrx_word' id='word_1_170' title='bbox 780 2963 1020 3048; x_wconf 89' lang='lat' dir='ltr'>oppugnari,</span> <span class='ocrx_word' id='word_1_171' title='bbox 1050 2965 1236 3048; x_wconf 90' lang='lat' dir='ltr'>quibus&gt;</span> 
     </span>
     <span class='ocr_line' id='line_1_26' title="bbox 170 3070 1236 3156; baseline 0.002 -20"><span class='ocrx_word' id='word_1_172' title='bbox 170 3072 380 3154; x_wconf 90' lang='lat' dir='ltr'>oppressis</span> <span class='ocrx_word' id='word_1_173' title='bbox 419 3070 557 3156; x_wconf 87' lang='lat' dir='ltr'>populi</span> <span class='ocrx_word' id='word_1_174' title='bbox 592 3071 756 3137; x_wconf 84' lang='lat' dir='ltr'>Romani</span> <span class='ocrx_word' id='word_1_175' title='bbox 788 3070 998 3154; x_wconf 89' lang='lat' dir='ltr'>imperium</span> <span class='ocrx_word' id='word_1_176' title='bbox 1035 3071 1236 3138; x_wconf 88' lang='lat' dir='ltr'>incolume</span> 
     </span>
    </p>
   </div>
   <div class='ocr_carea' id='block_1_3' title="bbox 62 3163 1236 3262">
    <p class='ocr_par' dir='ltr' id='par_1_3' title="bbox 62 3163 1236 3262">
     <span class='ocr_line' id='line_1_27' title="bbox 62 3163 1236 3262; baseline 0.005 -22"><span class='ocrx_word' id='word_1_177' title='bbox 62 3163 68 3176; x_wconf 80' lang='grc'><strong>’</strong></span> <span class='ocrx_word' id='word_1_178' title='bbox 170 3197 352 3244; x_wconf 88' lang='lat' dir='ltr'>essenon</span> <span class='ocrx_word' id='word_1_179' title='bbox 375 3178 517 3261; x_wconf 88' lang='lat' dir='ltr'>possit.</span> <span class='ocrx_word' id='word_1_180' title='bbox 566 3177 665 3242; x_wconf 80' lang='lat' dir='ltr'>Tenui</span> <span class='ocrx_word' id='word_1_181' title='bbox 693 3195 729 3242; x_wconf 86' lang='lat' dir='ltr'>ex</span> <span class='ocrx_word' id='word_1_182' title='bbox 759 3176 982 3260; x_wconf 87' lang='lat' dir='ltr'>Selisburgensi</span> <span class='ocrx_word' id='word_1_183' title='bbox 1011 3175 1236 3262; x_wconf 88' lang='lat' dir='ltr'>oppressis,</span> 
     </span>
    </p>
   </div>
   <div class='ocr_carea' id='block_1_4' title="bbox 170 3284 1236 3475">
    <p class='ocr_par' dir='ltr' id='par_1_4' title="bbox 170 3284 1236 3475">
     <span class='ocr_line' id='line_1_28' title="bbox 170 3284 1236 3369; baseline 0.002 -19"><span class='ocrx_word' id='word_1_184' title='bbox 170 3284 251 3368; x_wconf 88' lang='lat' dir='ltr'>quod</span> <span class='ocrx_word' id='word_1_185' title='bbox 282 3289 350 3352; x_wconf 87' lang='lat' dir='ltr'>tum</span> <span class='ocrx_word' id='word_1_186' title='bbox 383 3284 575 3352; x_wconf 83' lang='lat' dir='ltr'>manifestior</span> <span class='ocrx_word' id='word_1_187' title='bbox 608 3286 669 3352; x_wconf 72' lang='lat' dir='ltr'>est,</span> <span class='ocrx_word' id='word_1_188' title='bbox 687 3284 805 3349; x_wconf 88' lang='lat' dir='ltr'>librarii</span> <span class='ocrx_word' id='word_1_189' title='bbox 836 3304 854 3350; x_wconf 91' lang='lat' dir='ltr'>a</span> <span class='ocrx_word' id='word_1_190' title='bbox 886 3285 987 3366; x_wconf 89' lang='lat' dir='ltr'>priore</span> <span class='ocrx_word' id='word_1_191' title='bbox 1020 3287 1164 3369; x_wconf 89' lang='lat' dir='ltr'>quibus</span> <span class='ocrx_word' id='word_1_192' title='bbox 1196 3286 1236 3352; x_wconf 89' lang='lat' dir='ltr'>ed</span> 
     </span>
     <span class='ocr_line' id='line_1_29' title="bbox 170 3390 1232 3475; baseline 0.001 -19"><span class='ocrx_word' id='word_1_193' title='bbox 170 3392 300 3457; x_wconf 90' lang='lat' dir='ltr'>alterum</span> <span class='ocrx_word' id='word_1_194' title='bbox 323 3393 490 3469; x_wconf 63' lang='lat' dir='ltr'>aben-etim</span> <span class='ocrx_word' id='word_1_195' title='bbox 512 3390 664 3458; x_wconf 85' lang='lat' dir='ltr'>rhetorica</span> <span class='ocrx_word' id='word_1_196' title='bbox 686 3391 834 3458; x_wconf 86' lang='lat' dir='ltr'>orationis</span> <span class='ocrx_word' id='word_1_197' title='bbox 856 3390 954 3475; x_wconf 88' lang='lat' dir='ltr'>figura</span> <span class='ocrx_word' id='word_1_198' title='bbox 978 3392 1142 3474; x_wconf 82' lang='lat' dir='ltr'>perfectior</span> <span class='ocrx_word' id='word_1_199' title='bbox 1163 3394 1232 3471; x_wconf 73' lang='lat' dir='ltr'>erit,</span> 
     </span>
    </p>
   </div>
   <div class='ocr_carea' id='block_1_5' title="bbox 169 3581 402 3588">
    <p class='ocr_par' dir='ltr' id='par_1_5' title="bbox 169 3581 402 3588">
     <span class='ocr_line' id='line_1_30' title="bbox 169 3581 402 3588; baseline 0 0"><span class='ocrx_word' id='word_1_200' title='bbox 169 3581 402 3588; x_wconf 68' lang='lat'>——-----</span> 
     </span>
    </p>
   </div>
   <div class='ocr_carea' id='block_1_6' title="bbox 270 3695 1240 4233">
    <p class='ocr_par' dir='ltr' id='par_1_6' title="bbox 270 3695 1240 4233">
     <span class='ocr_line' id='line_1_31' title="bbox 272 3695 1237 3764; baseline 0.004 -18"><span class='ocrx_word' id='word_1_201' title='bbox 272 3695 413 3751; x_wconf 75' lang='lat' dir='ltr'>Ciceronis</span> <span class='ocrx_word' id='word_1_202' title='bbox 433 3704 460 3752; x_wconf 88' lang='lat' dir='ltr'>et</span> <span class='ocrx_word' id='word_1_203' title='bbox 478 3698 594 3752; x_wconf 87' lang='lat' dir='ltr'>eliorum</span> <span class='ocrx_word' id='word_1_204' title='bbox 612 3711 679 3751; x_wconf 87' lang='lat' dir='ltr'>usus</span> <span class='ocrx_word' id='word_1_205' title='bbox 692 3695 817 3764; x_wconf 83' lang='lat' dir='ltr'>requirit;</span> <span class='ocrx_word' id='word_1_206' title='bbox 835 3711 899 3750; x_wconf 89' lang='lat' dir='ltr'>nem</span> <span class='ocrx_word' id='word_1_207' title='bbox 912 3696 994 3751; x_wconf 88' lang='lat' dir='ltr'>aliter</span> <span class='ocrx_word' id='word_1_208' title='bbox 1008 3695 1080 3764; x_wconf 84' lang='lat' dir='ltr'>apud</span> <span class='ocrx_word' id='word_1_209' title='bbox 1092 3695 1237 3750; x_wconf 86' lang='lat' dir='ltr'>Horatium</span> 
     </span>
     <span class='ocr_line' id='line_1_32' title="bbox 270 3788 1236 3860; baseline 0.002 -18"><span class='ocrx_word' id='word_1_210' title='bbox 270 3791 303 3842; x_wconf 84' lang='lat' dir='ltr'>A.</span> <span class='ocrx_word' id='word_1_211' title='bbox 327 3789 357 3844; x_wconf 88' lang='lat' dir='ltr'>P.</span> <span class='ocrx_word' id='word_1_212' title='bbox 380 3790 413 3844; x_wconf 81' lang='lat'>31</span> <span class='ocrx_word' id='word_1_213' title='bbox 442 3789 531 3860; x_wconf 84' lang='lat' dir='ltr'>culpae</span> <span class='ocrx_word' id='word_1_214' title='bbox 558 3789 625 3859; x_wconf 84' lang='lat' dir='ltr'>luga</span> <span class='ocrx_word' id='word_1_215' title='bbox 652 3791 684 3844; x_wconf 90' lang='lat' dir='ltr'>in</span> <span class='ocrx_word' id='word_1_216' title='bbox 711 3789 827 3844; x_wconf 84' lang='lat' dir='ltr'>vitium</span> <span class='ocrx_word' id='word_1_217' title='bbox 855 3789 976 3844; x_wconf 89' lang='lat' dir='ltr'>ducere</span> <span class='ocrx_word' id='word_1_218' title='bbox 1004 3789 1109 3857; x_wconf 89' lang='lat' dir='ltr'>dicitur,</span> <span class='ocrx_word' id='word_1_219' title='bbox 1136 3788 1169 3844; x_wconf 89' lang='lat' dir='ltr'>de</span> <span class='ocrx_word' id='word_1_220' title='bbox 1196 3790 1236 3846; x_wconf 90' lang='lat' dir='ltr'>rei</span> 
     </span>
     <span class='ocr_line' id='line_1_33' title="bbox 271 3881 1240 3954; baseline 0.005 -19"><span class='ocrx_word' id='word_1_221' title='bbox 271 3881 375 3951; x_wconf 85' lang='lat' dir='ltr'>effectu,</span> <span class='ocrx_word' id='word_1_222' title='bbox 398 3899 452 3938; x_wconf 91' lang='lat' dir='ltr'>non</span> <span class='ocrx_word' id='word_1_223' title='bbox 479 3883 512 3939; x_wconf 90' lang='lat' dir='ltr'>de</span> <span class='ocrx_word' id='word_1_224' title='bbox 532 3884 614 3938; x_wconf 87' lang='lat' dir='ltr'>animi</span> <span class='ocrx_word' id='word_1_225' title='bbox 634 3882 733 3938; x_wconf 83' lang='lat' dir='ltr'>affectu</span> <span class='ocrx_word' id='word_1_226' title='bbox 752 3888 779 3937; x_wconf 88' lang='lat' dir='ltr'>et</span> <span class='ocrx_word' id='word_1_227' title='bbox 797 3897 899 3938; x_wconf 85' lang='lat' dir='ltr'>errore.</span> <span class='ocrx_word' id='word_1_228' title='bbox 944 3881 1087 3937; x_wconf 82' lang='lat' dir='ltr'>Facillime</span> <span class='ocrx_word' id='word_1_229' title='bbox 1115 3883 1147 3936; x_wconf 90' lang='lat' dir='ltr'>in</span> <span class='ocrx_word' id='word_1_230' title='bbox 1173 3892 1240 3954; x_wconf 83' lang='lat' dir='ltr'>post</span> 
     </span>
     <span class='ocr_line' id='line_1_34' title="bbox 271 3975 1237 4047; baseline 0.003 -17"><span class='ocrx_word' id='word_1_231' title='bbox 271 3993 297 4030; x_wconf 88' lang='lat' dir='ltr'>nr</span> <span class='ocrx_word' id='word_1_232' title='bbox 321 3976 485 4031; x_wconf 86' lang='lat' dir='ltr'>intercidere</span> <span class='ocrx_word' id='word_1_233' title='bbox 507 3983 625 4047; x_wconf 86' lang='lat' dir='ltr'>poterat.</span> <span class='ocrx_word' id='word_1_234' title='bbox 669 3976 715 4045; x_wconf 91' lang='lat' dir='ltr'>[ln</span> <span class='ocrx_word' id='word_1_235' title='bbox 740 3975 798 4031; x_wconf 53' lang='lat' dir='ltr'>codo</span> <span class='ocrx_word' id='word_1_236' title='bbox 825 3976 942 4044; x_wconf 83' lang='lat' dir='ltr'>Cosano,</span> <span class='ocrx_word' id='word_1_237' title='bbox 966 3991 981 4031; x_wconf 87' lang='lat' dir='ltr'>e</span> <span class='ocrx_word' id='word_1_238' title='bbox 1007 3991 1060 4044; x_wconf 89' lang='lat' dir='ltr'>quo</span> <span class='ocrx_word' id='word_1_239' title='bbox 1083 3975 1237 4045; x_wconf 86' lang='lat' dir='ltr'>fragmenta</span> 
     </span>
     <span class='ocr_line' id='line_1_35' title="bbox 272 4057 1239 4139; baseline 0.005 -18"><span class='ocrx_word' id='word_1_240' title='bbox 272 4068 396 4136; x_wconf 83' lang='lat' dir='ltr'>quaedem</span> <span class='ocrx_word' id='word_1_241' title='bbox 425 4068 606 4125; x_wconf 85' lang='lat' dir='ltr'>Ciceroniana</span> <span class='ocrx_word' id='word_1_242' title='bbox 636 4070 772 4139; x_wconf 85' lang='lat' dir='ltr'>protraxit</span> <span class='ocrx_word' id='word_1_243' title='bbox 803 4069 941 4137; x_wconf 84' lang='lat' dir='ltr'>Kleinius,</span> <span class='ocrx_word' id='word_1_244' title='bbox 973 4069 1055 4124; x_wconf 90' lang='lat' dir='ltr'>scribi</span> <span class='ocrx_word' id='word_1_245' title='bbox 1086 4071 1166 4126; x_wconf 89' lang='lat' dir='ltr'>video</span> <span class='ocrx_word' id='word_1_246' title='bbox 1201 4057 1239 4126; x_wconf 85' lang='lat' dir='ltr'>in</span> 
     </span>
     <span class='ocr_line' id='line_1_36' title="bbox 271 4161 851 4233; baseline -0.002 -17"><span class='ocrx_word' id='word_1_247' title='bbox 271 4177 417 4217; x_wconf 86' lang='lat' dir='ltr'>errorem</span> <span class='ocrx_word' id='word_1_248' title='bbox 434 4162 552 4230; x_wconf 83' lang='lat' dir='ltr'>iudici,</span> <span class='ocrx_word' id='word_1_249' title='bbox 572 4179 655 4233; x_wconf 84' lang='lat' dir='ltr'>supra</span> <span class='ocrx_word' id='word_1_250' title='bbox 673 4163 682 4215; x_wconf 94' lang='lat' dir='ltr'>i</span> <span class='ocrx_word' id='word_1_251' title='bbox 700 4163 791 4232; x_wconf 89' lang='lat' dir='ltr'>posito</span> <span class='ocrx_word' id='word_1_252' title='bbox 811 4161 851 4229; x_wconf 62' lang='grc' dir='ltr'>ιι]</span> 
     </span>
    </p>
   </div>
   <div class='ocr_carea' id='block_1_7' title="bbox 0 0 1508 4650">
    <p class='ocr_par' dir='ltr' id='par_1_7' title="bbox 0 0 1508 4650">
     <span class='ocr_line' id='line_1_37' title="bbox 0 0 1508 4650; baseline 0 0"><span class='ocrx_word' id='word_1_253' title='bbox 0 0 1508 4650; x_wconf 95' lang='lat' dir='ltr'> </span> 
     </span>
    </p>
   </div>
  </div>
 </body>
</html>
