2974 4660
683 287 743 342 αι).
763 287 784 342 1.
806 290 871 357 στρ.
892 288 914 342 1.

420 483 500 546 1142
522 503 607 568 eqq.:
1196 533 1199 538 .

365 585 431 675 ἤδη
453 583 531 656 ποτ’
553 591 646 658 εἶδον
668 586 764 676 ἄνδρ’
787 588 849 678 ἐγω
873 583 1008 681 γλώσσῃ
1028 585 1168 675 θρασύν

365 690 494 771 ναύτας
516 692 756 783 ἕφορμήσαντα
779 701 946 786 χειμῶνος
967 693 1007 763 τύ
1030 698 1143 773 πλεῖν,

365 791 390 889 ᾧ
412 797 541 892 φθέγμ’
564 799 609 870 oio
631 799 693 870 σύν
715 800 762 871 ἂν
783 795 898 890 maigeo,
920 797 1009 888 ἡνίκ’
1031 810 1068 872 ἐν
1090 805 1179 890 κακῷ

364 911 529 996 χειμῶνος
552 904 658 997 εἴχετ’.

268 1019 410 1083 Graeoum
432 1036 490 1082 non
514 1019 562 1082 est
584 1021 726 1103 φθέγμα
749 1012 920 1102 σύρίσναν
941 999 1019 1089 τινί,
1044 1018 1079 1080 ut
1097 1016 1139 1080 eit
1153 1014 1344 1080 facultatem

265 1124 411 1207 loquendi
433 1126 465 1187 et
487 1124 608 1188 dicendi
629 1125 660 1189 in
683 1124 787 1208 aliquo
809 1123 951 1207 reperire.
996 1119 1196 1188 scribendum
1221 1121 1284 1185 est:

365 1218 540 1316 ᾠφθέῃύ
562 1225 606 1296 ἄν
628 1225 689 1296 σύκ
713 1231 893 1316 ἐνηύρες.
927 1229 994 1309 [Sio
1018 1229 1233 1311 Hartungiua]

417 1335 497 1399 1280
520 1356 585 1420 sq.:

363 1441 414 1514 τίς
435 1436 530 1508 ταῦτ’
552 1437 733 1526 α’πεῑρξενς
763 1438 825 1530 σύχ
848 1437 898 1510 ὅδ’
923 1433 967 1528 ἦν
989 1435 1008 1508 ὁ
1031 1441 1120 1527 δρῶν
1142 1433 1235 1516 τάδε,

365 1545 406 1614 ὃν
428 1542 585 1635 σύδαμσύ
607 1546 675 1639 φῄς
697 1545 776 1618 σύδὲ
799 1551 975 1636 συμβῆναι
998 1549 1080 1614 παδί
1088 1573 1099 1626 3

179 1724 187 1746 ,
262 1653 369 1736 Neque
393 1658 568 1741 συμβῆναι
592 1660 673 1724 noti
701 1660 763 1723 ullo
793 1660 882 1724 modo
910 1655 1086 1742 significare
1113 1653 1225 1736 potest,
1254 1650 1346 1736 quod'

263 1761 393 1846 fingunt,
427 1764 572 1847 congredi
604 1785 673 1830 cum
708 1767 795 1830 hoste
828 1765 986 1847 (quoniam
1014 1780 1052 1826 ne
1079 1762 1181 1842 ipsum
1210 1759 1334 1842 quidam

264 1869 471 1953 συμβαίνειν
502 1871 571 1936 τινί
603 1871 647 1936 sic
681 1872 741 1938 diei
772 1876 895 1954 potest),
928 1887 1025 1950 neque
1055 1869 1249 1950 Agamemno
1281 1883 1338 1928 ne-

263 1977 399 2058 gaverat,
434 1977 513 2060 quod
546 1976 661 2040 nemini
693 1979 724 2040 in
759 1979 897 2042 mentem
930 1975 1035 2041 venire
1065 1973 1185 2056 poterat
1213 1989 1336 2054 negare,

265 2082 392 2146 Aiacem
415 2101 564 2166 umquam
596 2102 666 2148 oum
697 2083 788 2147 hoste
819 2099 1016 2166 congreesum
1037 2097 1117 2174 esse,
1141 2077 1196 2143 sed
1218 2077 1351 2142 dixerat.

265 2197 306 2264 (v.
333 2188 425 2266 1237)
449 2191 577 2254 Aiaoem
601 2189 720 2253 nullum
743 2189 910 2270 perieulum
935 2187 1047 2257 edisse,
1070 2184 1152 2268 qnod
1168 2203 1228 2250 non
1242 2181 1338 2249 simul

266 2297 459 2377 Agamemno
491 2296 556 2376 ipse
587 2295 713 2366 adisset,
744 2294 777 2358 in
810 2294 928 2359 nullum
961 2290 1120 2376 pugnandi
1141 2292 1243 2356 looum
1264 2307 1336 2372 pro*

265 2418 405 2482 gressum
429 2418 506 2493 esse,
530 2419 589 2482 quo
612 2421 669 2466 non
692 2405 886 2485 Agamemno
908 2417 1086 2484 progressus
1115 2400 1212 2474 essen
1246 2414 1332 2461 suam

264 2505 389 2571 laudem
417 2525 487 2571 oum
514 2507 620 2574 Aiacis
649 2510 861 2593 aequipararet.
916 2506 1005 2572 Hono
1026 2505 1126 2586 ipsam
1150 2503 1337 2598 sententiam

265 2611 384 2677 Teucer
414 2610 473 2678 hoo
506 2613 575 2679 loeo
605 2617 828 2698 Agamemnoni
861 2611 988 2689 tribuit3
1016 2610 1176 2676 lenissima
1198 2609 1280 2675 enim
1303 2609 1337 2672 et

265 2716 439 2783 certissima
461 2719 675 2786 emendatione
697 2719 892 2785 scribendum
914 2721 979 2784 eet:

366 2819 407 2890 ὃν
428 2817 586 2910 σύδαμσῦ
607 2820 686 2914 φῄς,
709 2814 757 2893 οὗ
779 2821 827 2892 σύ
848 2817 920 2910 μή,
941 2823 1072 2909 βῆναι
1095 2820 1188 2900 ποδί,

265 2930 323 2995 hoc
345 2932 407 2996 est:
429 2950 521 3014 quem
541 2934 578 2997 tu
600 2950 693 3016 negas
714 2933 779 2997 utto
800 2932 866 2996 looo
888 2948 1083 3014 progressum
1107 2946 1183 3000 esse,
1204 2927 1257 2991 ubi
1273 2943 1340 2990 non

266 3041 331 3119 ipse
346 3053 525 3120 progressae
541 3038 593 3102 sis.
617 3037 696 3104 Cum
711 3055 810 3104 errore
826 3055 862 3101 ex
877 3031 918 3102 σύ
933 3032 984 3120 μή
999 3037 1107 3121 βῆναι
1122 3035 1237 3100 fantum
1253 3034 1336 3098 esset

266 3143 450 3228 συμβῆναι,
474 3143 512 3207 ad
535 3162 658 3209 versum
680 3143 862 3228 explendum
886 3163 939 3227 pro»
961 3129 1003 3207 οὗ
1018 3141 1167 3224 son'ptnm
1182 3141 1232 3205 est
1246 3130 1336 3205 οὐδὲ.

418 3249 513 3312 1290:

366 3349 523 3440 δύστηνε,
546 3369 608 3421 ποῖ
626 3358 765 3442 βλέπων
787 3350 864 3423 ποτ’
886 3349 972 3424 αύτύ
997 3357 1052 3422 καλ
1075 3361 1215 3440 θροεῖς,

265 3460 436 3526 Pronomen
460 3455 548 3529 αὐτά
571 3481 692 3540 prorsus
719 3484 862 3550 perverso
890 3465 1013 3548 ponitur
1035 3461 1074 3526 de
1095 3461 1142 3540 iis,
1166 3480 1234 3543 quae
1255 3457 1350 3523 alter·

266 3571 483 3652 (Agamemno)
505 3569 624 3636 dixerat
646 3577 718 3646 („ea
739 3567 835 3632 diois“
865 3587 918 3650 pro
949 3586 993 3646 eo,
1022 3567 1105 3650 quod
1127 3571 1175 3633 est
1199 3567 1278 3641 „ieta
1299 3582 1348 3628 eo·

266 3674 391 3751 talia“)3
424 3678 545 3759 notent
578 3677 638 3740 diei
669 3673 791 3752 ταῦτα,
828 3673 882 3738 sed
914 3675 947 3739 id
979 3692 1086 3740 verens
1121 3692 1180 3738 non
1216 3668 1335 3755 recipit.

266 3779 370 3845 Etiam
394 3787 478 3848 ποτὲ
499 3783 529 3846 in
552 3783 610 3847 heo
637 3781 846 3865 interrogandi
873 3781 973 3846 forma
1000 3789 1074 3859 (ποῖ
1096 3783 1246 3865 βλέπων)
1267 3796 1338 3861 per·

266 3903 386 3951 versum
422 3889 478 3965 est,
513 3886 593 3969 qood
616 3893 733 3952 rectum
756 3895 846 3964 esset,
875 3888 900 3952 si
928 3889 972 3952 aio
994 3887 1160 3952 diceretur:
1192 3886 1226 3951 ai
1249 3907 1334 3950 ποτε

263 3993 410 4077 βλέπων.
441 3992 642 4059 Senbendum
664 3996 725 4056 est:

365 4094 523 4184 δύστηνε,
539 4110 600 4163 ποῖ
612 4099 751 4184 βλέπων
771 4101 944 4165 τσιαύτα
970 4098 1023 4164 καλ
1046 4105 1184 4182 eposio,-
