3008 4654
301 295 363 360 232
669 293 731 352 Lib.
749 293 784 350 ii.
804 293 870 366 Gap.
887 292 921 350 V.

259 496 380 559 esset.
423 492 609 580 Longiorem
631 495 795 563 verborum
816 493 969 563 ambitum
992 490 1149 574 dmcripsi.
1167 492 1327 558 utstatim

259 600 435 685 legentibus
468 603 637 687 appareret
675 621 773 688 neque
809 595 994 668 seutentiam
1028 615 1128 681 neque
1156 597 1328 664 oraticnem

258 707 341 773 recte
362 708 544 774 coubnuari.
592 707 732 776 Primum
762 711 843 775 enim
871 707 960 772 deest
979 704 1104 771 omuino
1125 704 1234 788 primae
1255 723 1330 770 scu·

259 812 367 879 tentiae
383 814 527 895 uerbum,
549 831 608 882 nec
628 817 827 902 interrogatio
848 814 917 880 illa:
946 811 1048 895 quod
1071 815 1212 877 contra
1234 811 1327 876 sub·

259 919 409 986 sidium
441 919 521 986 sibi
561 920 664 1000 habet,
704 921 754 988 cni
787 919 1004 1004 subiungatur3
1041 917 1153 984 deinde
1174 933 1329 1000 ‚perverse

259 1042 384 1108 prorsus
415 1026 540 1108 ponitur
570 1028 724 1111 particula
761 1026 925 1118 igitur,¹
948 1025 1092 1110 quoniam
1125 1042 1165 1090 ne
1197 1024 1329 1089 minima

259 1131 385 1216 quidem
417 1133 619 1201 conclusionis
651 1134 760 1200 umbra
793 1135 851 1210 est
885 1129 940 1198 sed
973 1131 1123 1198 narrando
1153 1131 1329 1206 subiicitur,

258 1237 333 1320 quid
358 1239 473 1304 Burrus
496 1242 529 1305 et
549 1241 666 1306 Seneca
687 1240 727 1306 ad
748 1257 836 1322 opem
861 1238 1019 1306 ferendam
1041 1237 1167 1304 excitati
1187 1237 1327 1314 fecefint,

256 1362 446 1428 quamquam
467 1347 557 1413 huius
579 1345 676 1430 ipsius
702 1344 917 1414 cohortationis
947 1345 1133 1430 significatio
1162 1343 1329 1409 omittitur.

257 1453 318 1531 (De
340 1453 460 1533 urendo
484 1453 598 1537 quod
588 1471 620 1518 m
641 1451 754 1520 litteris
784 1470 1006 1538 expergens
1034 1450 1230 1518 manifestum
1254 1469 1327 1516 sen·

256 1561 389 1627 tentiam
411 1559 653 1626 condicionalem
675 1561 797 1638 eremit
812 1543 891 1624 nihil
906 1559 984 1634 dieo
1000 1559 1143 1641 quoniam
1158 1557 1190 1622 id
1205 1557 1363 1639 pridem

256 1665 400 1734 Pichenae
428 1666 546 1733 amicus
579 1665 691 1750 aliquis
720 1667 872 1745 correxit)
929 1665 1018 1746 Quod
1040 1665 1080 1730 ad
1101 1667 1233 1746 priorem
1255 1681 1331 1728 seu·

257 1773 389 1839 tentiam
421 1772 640 1839 absolvendam
672 1775 770 1851 deest,
802 1774 835 1839 in
864 1774 930 1852 iilo
965 1773 1047 1856 quod
1080 1772 1207 1837 ulterius
1236 1770 1328 1838 initio

255 1885 406 1962 superest,
428 1880 561 1964 igitur
589 1880 773 1946 continetur.
817 1879 869 1946 Sic
891 1880 972 1946 euim
994 1879 1161 1958 scripserat
1182 1877 1330 1945 Tacitus:

256 1986 349 2051 Tum
384 2005 529 2069 pavore
552 1987 811 2052 exanimiset
831 1987 909 2052 iam
929 1988 1086 2070 iamque
1108 1985 1237 2051 affore
1259 1987 1328 2052 cb·

131 2147 133 2150 .
256 2091 428 2158 testans
451 2139 758 2171 ...........
792 2093 895 2176 quod
927 2096 1066 2159 contra
1099 2092 1325 2159 subsidium

257 2199 347 2276 eibi
371 2198 787 2282 nisiquidBurruset
802 2199 1205 2283 Senecaexpedireut
1215 2205 1331 2283 (quos

257 2304 401 2372 statim
425 2304 646 2384 acciverat,
668 2306 802 2373 incert
808 2326 869 2372 um
890 2325 936 2373 an
958 2310 997 2372 et
1021 2307 1143 2372 aute
1134 2313 1325 2389 ignaros),

257 2411 395 2480 orditur.
438 2411 615 2498 Longum
637 2405 852 2497 utriusque
874 2412 1089 2479 silentium
1112 2415 1170 2479 cet
1219 2414 1326 2495 Scrip-

256 2521 322 2584 tum
346 2521 438 2585 etiam
462 2538 529 2585 esse
550 2520 653 2608 potuit
672 2520 832 2606 queritur.
886 2521 954 2585 iam
976 2521 1058 2584 recte
1080 2519 1162 2585 Nero
1186 2519 1322 2586 Burrum

256 2626 289 2691 et
310 2625 459 2691 Senecam
481 2627 643 2692 consilium
666 2627 836 2709 expedire
829 2626 956 2692 iussisse
977 2627 1129 2706 narratur‚'
1158 2626 1207 2693 illi
1232 2624 1327 2692 initio

258 2732 458 2798 obmutuisse.
502 2732 591 2812 Quod
624 2733 735 2799 deinde
768 2751 966 2810 correxeram
1001 2733 1039 2796 ιι
1070 2749 1125 2814 pro
1158 2735 1329 2818 ignaros

257 2839 442 2904 scriberetur
462 2858 620 2923 gnaros
644 2838 733 2906 video
752 2840 791 2906 ab
807 2840 878 2905 aliis
895 2841 1078 2922 occupatum
1096 2841 1136 2904 et
1142 2841 1181 2907 ab
1197 2839 1324 2910 Halmio

256 2948 423 3028 receptum.
467 2945 535 3011 Non
567 2946 626 3013 hoc
647 2963 706 3012 uno
728 2946 796 3012 loco
818 2946 947 3028 simplex
976 2964 1124 3030 gnarus
1154 2945 1185 3010 in
1219 2948 1328 3012 notius

257 3052 290 3117 t
310 3049 530 3134 frequentius
521 3071 532 3115 1
540 3071 689 3136 guarus
710 3055 865 3118 ιιιιιιιιιιιι
888 3054 944 3118 eet.

359 3170 437 3235 ibid
471 3171 527 3235 15:
561 3191 632 3237 uec
663 3170 749 3237 ulla
775 3172 953 3237 moribus
986 3172 1082 3235 olim
1116 3172 1327 3255 corruptis

255 3276 346 3360 plus
368 3275 588 3343 libidinum
610 3277 1008 3361 circumdeditquam
1031 3277 1326 3344 illaeolluvies

257 3381 291 3447 Si
312 3382 379 3448 haec
400 3384 484 3450 recte
512 3385 627 3467 scripta
656 3389 738 3460 sunt,
767 3383 843 3450 mire
873 3384 1001 3450 Tacitus
1024 3388 1117 3468 neget
1139 3384 1234 3450 ullam
1257 3384 1325 3451 ool-

256 3490 370 3555 luriem
392 3490 462 3575 pius
479 3490 650 3556 libidinum
681 3491 817 3556 moribus
846 3490 1085 3556 circumdedisse
1108 3511 1201 3575 quam
1223 3492 1322 3571 iliam,

257 3615 326 3680 quae
347 3596 474 3680 abipso
497 3597 688 3675 describitur
717 3597 805 3680 quasi
829 3616 946 3662 morum
970 3597 1122 3679 corruptio
1144 3615 1265 3681 semper
1288 3617 1326 3664 er

256 3702 387 3769 colluvie
415 3705 518 3787 aliqua
547 3704 672 3788 ematur.
726 3703 927 3794 Manifestum
961 3707 1009 3771 est
1041 3703 1204 3770 colluviem
1235 3704 1326 3769 illam

256 3829 326 3876 cunr
348 3809 418 3875 aliis
440 3827 560 3875 morum
581 3811 869 3893 corrumpendomm
894 3812 994 3878 causis
1016 3816 1047 3877 et
1034 3809 1230 3877 tlibidinum
1251 3810 1322 3875 ille-

255 3915 355 3983 cebris
377 3915 547 3999 comparari
570 3916 689 3982 debere
732 3915 852 3981 Excidit
881 3917 978 4002 igitur
1005 3918 1244 3995 substantivum
1273 3919 1326 3982 cui

256 4022 342 4088 ulla
363 4021 543 4089 adiunctum
568 4026 656 4101 erat
666 4023 730 4087 sive
752 4022 798 4086 ita
818 4023 942 4105 scripsit
964 4024 1090 4089 Tacitus
1135 4043 1206 4089 ncc
1237 4025 1326 4090 ulla

255 4126 436 4193 moribus
468 4129 561 4194 olim
596 4128 955 4212 corruptis<vis>
977 4130 1069 4214 plus
1101 4129 1327 4197 libidinum
