2974 4660
673 275 733 328 nin.
752 275 773 328 1.
794 275 858 344 sap.
878 277 924 330 rr.

762 468 921 559 η’λειήετο

346 581 380 641 ἐκ
403 579 463 661 της
486 580 613 664 Συρίας
636 577 754 664 ἥκοντι
778 575 919 668 τοιούτῳ
942 576 1039 667 μύρῳ

345 686 478 767 καρποῦ
502 681 594 772 σύχν’
616 683 689 754 οἷόν
712 714 792 773 φασι
815 684 879 763 τάς
902 685 1103 772 περιστεράς

344 818 496 878 τρωγειν.

361 921 395 986 Si
417 921 462 987 sic
484 923 659 1004 scripsisset
681 924 884 1007 Antiphanes,
915 923 1074 989 columbas
1098 923 1226 990 dixisset
1247 925 1331 990 vesci

254 1021 367 1117 μύρῳ,
390 1021 503 1113 μύρον
521 1030 625 1094 autam
641 1029 742 1113 ipsum
760 1031 837 1095 mire
853 1029 1039 1112 appellasset
1054 1022 1167 1114 μύρον
1183 1032 1329 1116 καρποῦ.

255 1134 323 1200 Sed
344 1135 526 1216 scripserat:

761 1259 903 1349 τοιούτῳ
926 1257 1021 1350 μύρῳ

344 1364 482 1454 καρπό
491 1396 510 1435 ν
534 1363 626 1456 σύχν’
645 1365 717 1437 οἶόν
740 1396 819 1457 φασι
844 1367 906 1446 τάς
928 1366 1130 1454 περιστεράς

343 1471 494 1563 τρώγειν,

256 1605 315 1671 tali
337 1610 503 1690 unguento,
526 1606 649 1689 qualem
670 1607 817 1682 fructum,
839 1609 896 1674 hcc
918 1611 974 1681 est,
1000 1607 1154 1690 unguento
1171 1608 1276 1690 parato
1293 1627 1328 1673 ex

253 1731 293 1779 ec
314 1713 427 1787 fructu,
450 1731 542 1796 quem
564 1713 713 1779 cclnmbae
736 1714 910 1780 comedunt.

357 1889 392 1953 P.
409 1888 470 1952 268
486 1890 507 1954 d
521 1891 553 1954 et
567 1908 600 1954 e:
623 1889 685 1973 apat
704 1882 733 1954 δ’
748 1883 866 1974 ἐπειδη
884 1887 995 1974 ὥσπερ
1014 1883 1211 1972 λαμπάδιον
1227 1914 1328 1954 κατα·

252 1995 434 2069 σείσαντος
455 1995 516 2063 τού
539 1991 831 2080 θαυμασιωτάτου
858 1996 1034 2079 Κρατίνου
1057 1989 1099 2062 τά
1117 1995 1327 2081 προκείμενα

253 2107 323 2186 ε”πη
346 2103 401 2168 καὶ
423 2097 496 2167 ὅσοι
518 2095 594 2185 μετ’
616 2095 725 2168 αύτάν
753 2096 934 2188 γενόμενοι
964 2096 1200 2186 μιμησάμενοι
1233 2107 1329 2178 ε’πεξ·

257 2203 470 2293 ειργάσαντο,
514 2204 707 2295 ἐχρησάμην
750 2211 791 2299 τῇ
828 2204 919 2286 τάξει
957 2212 1026 2275 τών
1063 2204 1247 2294 δραμάτων
1285 2203 1330 2283 τίς

257 2306 432 2401 ἐδιδάχθη.
487 2307 688 2381 Manifestum
721 2317 770 2381 cst
801 2317 970 2382 oraticnem
1003 2335 1060 2381 ncn
1089 2314 1241 2386 coherere
1270 2333 1327 2380 nee

253 2420 463 2486 coniunctioni
487 2417 606 2508 ἐπειδή
631 2423 739 2490 subiici
757 2426 897 2500 verbnm,
921 2425 1063 2507 quoniam
1085 2423 1150 2487 haec
1173 2423 1226 2486 καὶ
1251 2417 1325 2487 ὅσοι

253 2577 264 2592 .
288 2577 296 2593 .
320 2575 328 2592 .
353 2522 633 2616 ἐπεξειργάσαντο
657 2531 826 2596 necessario
849 2530 889 2594 ad
911 2531 990 2595 illud
1006 2530 1271 2601 κατασείσαντος
1290 2576 1323 2592 ..

254 2635 432 2719 Κρατίνου
465 2636 675 2720 adiunguntur
708 2647 809 2714 („cum
832 2635 976 2702 Cratinus
999 2641 1030 2702 et
1052 2637 1198 2721 quicum
1226 2635 1326 2701 secuti

251 2743 328 2807 sunt
348 2743 578 2821 effudissent“l;
602 2747 750 2825 praetcrea
771 2743 891 2820 vitiose,
915 2745 996 2826 quod
1019 2733 1143 2808 Cratino
1167 2742 1324 2826 proprium

256 2853 330 2926 erat,
354 2867 424 2914 cum
446 2850 556 2914 ceteris
578 2848 830 2914 communicatur.
874 2847 972 2916 Recta
993 2851 1088 2915 oratic
1112 2852 1143 2914 et
1169 2848 1325 2913 sententia

250 2954 315 3021 erit
346 2954 390 3020 sic
422 2955 627 3022 conformata:
662 2949 724 3040 ἐγαί
756 2948 796 3029 δ’,
827 2949 959 3040 ἐπειδή,
990 2951 1102 3040 ὥσπερ
1126 2949 1326 3040 λαμπάδιον

255 3061 516 3134 κατασείσαντος
537 3062 599 3127 τού
621 3055 914 3144 θαυμασιωτάτου
932 3063 1110 3148 Κρατίνου
1124 3057 1165 3128 τά
1183 3062 1324 3146 προκεί-

251 3194 341 3254 μενα
358 3174 436 3254 ἔπη,
461 3194 508 3234 κα
519 3171 595 3242 lube
617 3172 657 3236 οἱ
674 3161 750 3251 μετ’
765 3162 873 3233 adada
887 3163 1068 3255 γενόμενοι
1083 3163 1333 3256 μιμησάμενοι.

249 3269 549 3360 ἐπεξειργάσαντο,
572 3269 766 3362 ἐχρησάμην
789 3302 817 3340 κ.
840 3302 868 3340 τ.
893 3279 920 3342 λ.

353 3416 388 3480 Ρ.
406 3416 465 3477 277
481 3416 551 3494 f(in
573 3418 747 3502 fragmento
763 3437 798 3483 ex
812 3417 989 3500 Epicharmi
1011 3417 1116 3483 fabula
1133 3415 1321 3492 Sirenibus):

854 3552 946 3632 οἴμοι
972 3573 1032 3632 μοι
1056 3542 1169 3620 τάλας.

248 3655 330 3738 περὶ
354 3646 447 3737 σάμά
469 3679 514 3737 με
539 3654 685 3719 καλοῦσα
715 3655 853 3720 κατίσκα
878 3657 981 3740 λε’γοι,
1014 3677 1080 3737 φου
1108 3654 1175 3719 τῶν
1199 3652 1320 3718 κακῶν.

353 3781 405 3847 Sic
419 3782 484 3847 ccd.
501 3781 741 3859 Laurentianus3
763 3802 835 3848 nam
850 3785 922 3848 ants
937 3784 1083 3850 edebatur
1098 3786 1196 3870 λέγει.
1223 3781 1320 3847 Recte

252 3885 426 3952 Meinckius
447 3888 512 3955 hacc
533 3890 627 3955 verba
648 3909 667 3955 a
688 3889 905 3971 superioribus,
934 3891 966 3954 in
995 3890 1107 3974 quibus
1135 3889 1320 3955 describitur

251 3993 415 4077 magnilica
436 4012 511 4060 cena
531 4013 568 4058 ex
588 3994 724 4079 piscibus
746 3993 997 4078 animalculisque
1012 3997 1148 4071 marinis,
1164 3993 1320 4078 separavit

245 4098 402 4183 alterique
434 4119 572 4182 personae
604 4098 692 4166 dedit
719 4101 819 4166 nescio
849 4120 910 4184 qua
936 4101 974 4166 de
997 4121 1090 4169 cause
1111 4101 1318 4185 conquerenti,
