3008 4650
548 283 686 340 Ciceronis
704 284 851 340 orationes.
1135 285 1192 347 127

165 482 219 547 sed
241 481 351 564 pudori
373 483 405 547 et
426 481 508 561 fidei,
521 500 598 564 oua
620 483 737 565 proprie
759 481 916 548 hominem
941 481 973 546 in
996 483 1128 566 negotiis
1144 501 1235 550 occu·

165 591 271 672 patum
304 589 528 664 commendant,
561 607 652 672 prave
685 607 722 652 ex
750 607 837 671 aequo
871 587 1051 673 adiungitur
1083 590 1233 676 virtus,

165 713 232 778 quae
257 695 289 759 et
310 693 381 760 illas
393 695 503 764 ,laudes
520 695 552 760 et
567 698 684 761 ceteras
700 695 853 760 commoni
869 693 992 760 notione
1008 694 1232 778 complectitur.

164 800 325 866 Accedunt
346 820 416 867 cnm
431 819 551 867 summa
566 801 732 867 offensione
745 799 879 883 'repetita
894 800 986 866 verba
1001 807 1030 878 (c
1039 819 1109 885 ogn
1119 802 1178 866 ita
1192 838 1233 850 -

164 906 1232 991 cognitamentumvirturisetlamentabamu-

163 1032 230 1077 mm
254 1014 419 1097 utrumque
441 1015 540 1080 altero
562 1017 628 1082 loco
650 1019 733 1080 recte
749 1015 781 1079 et
795 1014 866 1096 epte
881 1014 1017 1096 positum
1033 1015 1090 1078 est.
1127 1014 1232 1080 (licere

164 1119 242 1184 nibil
275 1120 399 1202 scripsit
431 1122 508 1188 nisi:
549 1122 755 1207 singulari
793 1121 943 1204 pudore
976 1121 1014 1185 et
1046 1124 1233 1202 spectata

163 1225 263 1304 lide3
297 1228 377 1310 quod
401 1228 615 1311 interponitur,
649 1227 805 1293 virtute
837 1225 1019 1310 cognita,
1058 1227 1097 1292 ab
1130 1227 1231 1293 aliena

163 1352 254 1400 manu
286 1335 428 1400 additum
461 1337 509 1400 est
531 1339 561 1400 et
584 1355 619 1400 er
646 1335 696 1413 iis,
725 1354 793 1418 qnae
815 1333 949 1417 proxime
972 1335 1149 1416 sequuntur,
1172 1333 1232 1400 hnc

162 1442 337 1506 retractum.
381 1441 515 1523 [irascor
548 1441 635 1516 mibi,
668 1440 750 1524 quod
783 1459 841 1506 non
872 1439 1144 1506 animadverterim
1173 1441 1232 1506 hoc

162 1549 223 1614 iam
245 1547 418 1632 Kayserum
441 1548 580 1634 vidisse]

262 1666 326 1732 Pro
349 1665 494 1734 Cluentio
519 1666 773 1744 maduerunt
797 1664 1001 1747 suspicionem
1029 1664 1136 1744 diluat,
1163 1685 1230 1749 quac

162 1773 191 1836 in
214 1772 392 1838 Cluentium
422 1792 458 1838 er
485 1771 600 1838 Staieni
630 1772 825 1838 damnatione
860 1771 1038 1849 ducebatur,
1072 1771 1161 1854 quasi
1194 1789 1230 1837 aa

162 1879 396 1945 confirmaretur
417 1879 577 1946 Staienum
601 1880 729 1963 pecunia
750 1898 769 1944 a
791 1877 933 1944 Cluentio
966 1878 1091 1962 accepta
1112 1878 1142 1942 in
1166 1876 1229 1960 Op·

161 1985 277 2067 pianiei
298 1985 415 2052 iudicio
437 1987 553 2052 iudices
576 1989 754 2068 corrupisse,
777 1992 942 2069 postquam
957 1985 1117 2050 Staienum
1134 1983 1228 2050 maie-

161 2093 251 2158 statis
285 2092 467 2178 damnatom
500 2112 566 2158 esse
597 2093 683 2168 dixit,
707 2093 823 2158 Staieni
847 2091 1036 2158 damnationi
1059 2092 1229 2160 contrarias

159 2198 246 2281 ponit
268 2198 343 2265 duas
366 2200 401 2265 O.
424 2198 609 2265 Fidiculauii
632 2197 775 2279 Falcula,
808 2200 915 2283 quiin
938 2198 1044 2266 eadem
1068 2196 1229 2283 Oppianici

160 2325 252 2372 causa
273 2305 365 2373 iudex
387 2305 506 2382 fuisset,
529 2307 748 2382 absolutiones,
774 2327 843 2373 cum
865 2308 913 2373 bis
935 2308 1006 2390 post
1027 2307 1059 2372 id
1081 2305 1229 2373 iudicium

160 2413 321 2480 accusatus
344 2415 435 2478 esset
491 2416 537 2479 Ac
565 2413 697 2496 priorem
719 2413 844 2499 quidem
865 2414 1092 2480 absolutionem
1114 2431 1146 2480 se
1169 2432 1227 2478 non

161 2538 320 2586 numerare
343 2518 428 2592 dicit,
452 2519 532 2603 quod
553 2520 764 2587 Fidiculanius
793 2523 861 2586 tum
891 2539 951 2586 non
979 2520 1101 2603 proprie
1130 2519 1229 2601 captae

161 2628 199 2693 ob
220 2646 285 2691 rem
308 2625 506 2699 iudicandam
527 2629 664 2708 pecuniae
686 2631 846 2694 accusatus
868 2628 994 2704 fuissem
1018 2626 1116 2692 altera
1134 2624 1229 2691 vene-

162 2734 281 2799 menter
302 2733 417 2810 utitur;
441 2753 510 2800 nam
534 2738 600 2799 tum
625 2733 849 2800 Fidiculanium
866 2733 1105 2817 repetundarum
1119 2735 1227 2814 postu·

159 2840 258 2906 latum
279 2837 382 2913 luisse,
406 2839 493 2906 cuius
514 2840 622 2905 iudicii
650 2843 808 2924 proprium
836 2840 880 2906 sit
907 2840 939 2904 in
965 2842 1105 2904 senatore
1131 2838 1228 2920 eaptae

159 2947 197 3012 ob
220 2965 285 3012 rem
307 2945 502 3012 iudicandam
527 2948 662 3030 pecuniae
684 2948 807 3013 crimen.
854 2948 890 3013 In
922 2946 989 3029 ipso
1016 2944 1074 3010 hoc
1095 2945 1229 3010 transitu

159 3073 176 3118 a
213 3053 325 3134 prioris
362 3052 548 3120 Fidiculanii
585 3053 789 3120 absolutionis
825 3056 979 3121 mentione
1017 3052 1057 3118 ad
1100 3052 1228 3118 alterius

159 3160 481 3226 commemorationem
512 3160 745 3244 interponuntur
773 3163 867 3228 verba
894 3160 1016 3244 aliquot
1044 3159 1081 3223 de
1104 3159 1228 3225 Staieno

160 3266 306 3332 mendose
328 3266 441 3349 scripta
463 3269 495 3332 et
515 3269 640 3334 obscure
659 3287 728 3334 cum
745 3267 863 3354 reliqua
877 3269 1015 3333 oratione
1029 3267 1228 3332 cobaerentia:

159 3372 277 3454 capta
298 3391 489 3455 nusquam
508 3373 698 3440 Staienus
721 3375 856 3440 eadem
877 3374 968 3456 lege
991 3372 1105 3438 dixit.
1139 3374 1229 3438 Pro-

158 3477 288 3559 prium
322 3480 472 3544 crimen
505 3480 611 3546 illud
647 3480 887 3563 questionis
918 3478 1004 3544 eius
1035 3497 1107 3544 non
1138 3478 1226 3543 fuit.

159 3583 444 3652 Fidiculanius
466 3591 524 3654 cet.
569 3586 758 3671 Diligentius
781 3585 953 3651 attendenti
972 3584 1131 3667 apparebit
1148 3585 1230 3650 bunc

158 3708 225 3756 esse
259 3690 476 3776 disputationis
509 3698 540 3759 et
569 3691 848 3778 argumentationis
880 3690 1027 3770 ordinem,
1060 3693 1106 3769 ut,
1141 3690 1229 3757 finita

139 3797 269 3881 prioris
307 3797 489 3864 Fidiculanii
524 3800 726 3866 absolutionis
764 3798 1064 3877 commemoratione,
1109 3796 1227 3874 Cicero,

158 3905 323 3988 antequam
354 3906 394 3972 ad
421 3905 549 3972 alteram
577 3908 725 3984 transeat,
755 3904 988 3990 quamproprie
1011 3903 1135 3969 adrem
1159 3923 1229 3992 per-

158 4011 258 4077 tinere
286 4011 372 4090 dicit,
400 4014 445 4078 rei
471 4014 679 4096 praeparanda
705 4032 798 4079 caasa
825 4011 962 4078 breviter
989 4011 1172 4095 interponat,
1195 4011 1228 4076 in

160 4119 285 4185 Staieno
308 4117 485 4184 huiusmodi
505 4117 666 4194 iudicium,
689 4119 771 4204 quod
793 4119 913 4202 proprie
927 4119 966 4184 ad
982 4120 1078 4203 capta
1092 4117 1240 4210 pecuniae
