3008 4654
301 297 363 362 m
660 295 926 368 mmmm

258 495 419 582 quidem
450 539 582 560 .....
616 494 829 563 fictilibus
872 497 1106 582 prolibatur
1146 495 1327 581 simpuio.

260 601 518 672 inenarrabilem
551 605 668 670 terra
704 601 951 687 benignitatem,
989 604 1023 669 si
1060 603 1127 689 qui
1165 603 1328 692 singula

258 709 451 788 estimet,
475 707 598 776 otiam
620 711 663 776 ut
685 709 931 776 omittantur
958 711 997 776 in
1027 712 1202 796 frugum,
1228 712 1327 789 riui,

259 834 478 902 pomorum,
520 815 751 892 herbarum,
794 815 1006 893 fruticum,
1056 817 1327 884 medicamen·

259 931 406 1000 torum,
450 923 707 992 metallorum
744 921 965 1007 generibus
1000 925 1205 992 beneficia
1241 927 1327 991 eius

258 1049 421 1116 quaque
460 1029 589 1098 adhuc
628 1029 817 1109 diximus,
859 1029 1091 1100 rel'assidna
1125 1031 1327 1118 patefaciant

258 1135 499 1224 figlinarum
520 1155 640 1222 opera
660 1136 902 1203 imbricibus
924 1139 982 1204 cet
1026 1137 1073 1204 Do
1093 1139 1185 1206 serbo
1206 1139 1325 1221 pute-

258 1243 414 1312 faciaut
436 1243 621 1328 relinquitur
643 1243 796 1310 dubitatio
817 1243 931 1329 aliqua,
952 1243 1013 1312 nisi
1034 1245 1114 1329 quod
1136 1249 1253 1312 certum
1278 1247 1326 1312 est

256 1349 484 1418 coniunctirum
507 1350 634 1417 modum
655 1352 740 1418 serbi
763 1354 898 1436 positum
917 1350 1023 1418 fuisse.

359 1469 425 1537 Lib.
447 1469 592 1549 XXXVI,
618 1470 693 1534 108:
724 1469 984 1552 Quamobrem
1008 1469 1134 1552 pudor
1159 1470 1325 1536 Romani

257 1575 431 1644 nominis
452 1575 660 1662 proprius,
684 1577 750 1662 qui
773 1595 875 1661 sape
897 1595 960 1643 res
982 1575 1169 1661 perditas
1191 1595 1324 1643 serva·

257 1683 317 1750 vit
347 1685 387 1751 iu
420 1684 595 1770 procliis,
628 1686 722 1751 tuno
744 1702 900 1768 quoquc
922 1683 1130 1763 subvenit,
1160 1685 1228 1750 sed
1249 1683 1325 1750 illo

255 1792 434 1874 tempore
457 1792 495 1857 in
518 1795 606 1876 post
628 1792 752 1857 vitam
773 1792 1130 1868 erubescens,cum
1153 1791 1326 1874 puderet

256 1897 383 1976 vivos,
399 1901 599 1983 tamquam
618 1897 853 1983 puditurum
875 1897 1236 1964 esseterstiuctos.
1260 1897 1324 1966 Sub

255 2000 368 2068 litteris
402 2005 439 2069 in
472 2011 563 2090 post
590 2005 728 2084 vitam,
751 2023 857 2089 quave
879 2023 933 2088 pro
955 2005 994 2070 iis
1016 2005 1046 2070 in
1069 2004 1225 2071 codicibus
1247 2006 1324 2070 scri·

255 2107 370 2176 buntur
391 2110 587 2194 (inposuit
603 2111 706 2190 iam),
729 2110 807 2178 latet
827 2111 1005 2199 impostura
1027 2111 1109 2188 (sed
1131 2110 1206 2177 illo
1230 2114 1322 2176 tem·

254 2234 347 2300 pore
383 2217 609 2301 impostura
644 2218 909 2296 erubescens).
962 2218 1133 2300 Deceptum
1174 2218 1321 2301 pudorem

255 2321 373 2390 Plinius
395 2325 479 2392 dicit.

672 2577 899 2655 Quintilianus.

354 2743 419 2812 Lib.
443 2745 529 2824 Vlll,
552 2747 581 2825 3,
605 2745 645 2809 td
668 2747 733 2821 lubi
755 2747 857 2831 agitur
878 2747 915 2811 de
938 2745 1058 2812 modico
1080 2763 1137 2810 usu
1158 2745 1321 2811 verborum

252 2849 478 2934 antiquorum:
507 2852 713 2920 AErumnaa
743 2853 836 2938 quid
866 2871 962 2936 opus
995 2854 1080 2918 esti
1106 2852 1320 2934 Tamquam

252 2977 398 3042 parvus
422 2960 479 3026 sit
497 2961 657 3027 dicatur
682 2961 749 3044 qui
776 2960 869 3037 (lior.
895 2978 914 3025 a
937 2957 1072 3026 secunda
1092 2977 1194 3036 mauu,
1217 2954 1319 3023 Turio.

252 3063 366 3148 quod)
400 3068 586 3133 orridum.
645 3066 802 3150 Descripsi
839 3067 951 3146 locum,
991 3065 1251 3149 quemadmodum
1288 3063 1321 3128 iu

252 3170 379 3255 optimis
408 3171 560 3239 codicibus
587 3171 710 3258 legitur.
764 3173 805 3239 lit
834 3192 870 3239 ex
898 3172 947 3253 iis,
976 3191 1045 3258 que
1074 3171 1259 3256 precedunt,
1287 3173 1321 3235 et

252 3296 288 3344 ex
310 3277 357 3356 iis,
383 3297 452 3363 qua
474 3281 651 3364 sequuntur,
674 3281 802 3362 apparet
823 3279 1047 3360 Quintilianum
1070 3279 1216 3346 vocabula
1246 3279 1319 3343 tan·

252 3389 317 3452 tum
340 3385 407 3470 ipsa
428 3385 556 3472 antiqua
578 3389 633 3452 aut
655 3387 755 3452 minus
779 3385 893 3454 usitata
915 3404 1103 3462 enumerare,
1126 3387 1259 3452 breviter
1280 3384 1319 3449 ds

250 3491 288 3559 ila
313 3492 509 3574 iudicantem,
533 3510 590 3558 non
615 3493 731 3559 usitata
752 3493 866 3559 addere
896 3495 928 3560 et
955 3511 1024 3560 cum
1047 3491 1111 3558 illis
1133 3507 1318 3575 comparare.

252 3599 319 3666 lioc
341 3597 499 3666 intellecto
521 3603 699 3685 remotaque
726 3600 803 3666 falsa
830 3599 1025 3690 illa‘specie,
1055 3617 1153 3684 equa
1175 3601 1247 3664 nata
1270 3597 1319 3663 est

250 3703 448 3788 interpolatio
463 3707 746 3774 nocentissimorum
762 3707 900 3774 codicum
917 3707 1143 3783 stadilianum,
1159 3705 1198 3772 ad
1210 3722 1316 3769 rerum

249 3812 423 3894 peruenitur
445 3831 505 3878 uon
527 3813 573 3879 ita
594 3812 768 3894 difficulter,
790 3813 872 3898 quod
887 3812 1061 3879 huiusmodi
1076 3814 1140 3878 esta
1161 3810 1318 3879 dinunna

250 3918 343 4002 quid
366 3937 461 4003 opus
484 3921 561 4000 est,
577 3921 777 4004 tamquam
794 3939 923 4004 parum
943 3917 1318 4003 sit,<si>dicatur

249 4041 339 4110 queo,
363 4024 592 4092 horridum?
614 4024 652 4124 lu
669 4023 719 4104 iis,
735 4045 805 4109 qua
823 4029 1002 4112 sequuntur,
1018 4027 1157 4092 mambra
1170 4023 1317 4090 orationis

248 4127 411 4214 Zumptius
433 4139 515 4197 recte
541 4133 697 4215 separavit
718 4139 750 4198 et
775 4133 817 4212 id,
845 4134 924 4218 quod
951 4132 1138 4216 precipuum
1169 4131 1245 4210 crat,
1269 4131 1316 4194 iu·
