3008 4650
322 301 382 365 122
689 299 750 354 Lib.
768 300 803 354 Π.
823 299 887 369 Cap.
906 300 942 354 11.

279 499 309 566 si
338 499 475 566 eiusdem
503 497 591 565 verbi
619 497 783 581 partieipia
809 498 977 580 ponentur:
1010 496 1156 580 quibus
1184 496 1349 562 vinosu-

279 606 392 671 tibus
565 605 709 688 quibus
744 603 890 681 vietis,
926 605 959 668 et
991 603 1094 686 potest
1125 601 1349 686 oppressis,
1473 649 1474 660 ,

281 713 487 795 praeterquam
511 711 592 796 quod
614 712 780 777 auotoritas
794 709 909 776 eodieis
924 709 1067 776 Vatioaui
1081 706 1276 793 praestantior
1291 707 1348 779 est,

281 818 379 888 ,rideri
400 817 612 900 interpolando
633 818 735 883 ortum
757 835 826 884 esse
847 818 1015 900 natumque
1036 833 1074 881 ex
1094 833 1140 893 eo,
1163 813 1243 899 quod
1258 812 1348 896 paulo
1474 839 1475 848 ¹

279 945 374 1009 supra
396 925 533 1008 positum
554 926 612 1005 est,
635 941 838 1007 oppresso.
873 925 981 1006 ltaque
996 922 1034 990 de
1048 921 1107 988 hoo
1120 919 1197 986 nihil
1211 918 1346 995 affirmo;

280 1034 318 1098 de
340 1033 500 1098 sententiaa
527 1032 560 1096 et
587 1031 734 1097 orationis
762 1031 860 1097 forma
887 1031 972 1095 uulla
998 1030 1048 1094 est
1076 1026 1240 1094 dubitatio.
1289 1026 1348 1092 Sed
1474 1081 1475 1084 ,

280 1141 385 1208 tamen
420 1141 451 1204 in
487 1139 579 1206 verbo
612 1138 799 1224 presedeuti
833 1137 1029 1221 apertissime
1061 1135 1175 1200 oodiois
1207 1133 1348 1199 Vaticani

281 1246 498 1313 anctoritatem
521 1244 766 1331 salisburgensis
788 1245 821 1310 et
841 1244 936 1310 ceteri
957 1243 1092 1314 vineunt.
1118 1241 1198 1324 quod
1219 1239 1347 1307 habent:

279 1371 366 1418 eum
396 1351 582 1431 rideant,
614 1371 674 1417 non
703 1349 894 1417 uideatis.
944 1348 1110 1433 Perspioue
1132 1349 1215 1414 euim
1236 1347 1347 1432 agitur,

281 1477 340 1524 non
371 1458 443 1543 quid
471 1459 588 1525 iudices
617 1457 753 1536 videant,
781 1458 835 1524 sed
864 1457 937 1540 quid
965 1456 999 1533 ii,
1022 1457 1074 1540 qui
1095 1455 1165 1539 post
1186 1453 1348 1521 Fonteium

279 1564 446 1647 provinciis
469 1566 629 1648 prafuturi
651 1565 723 1645 sint,
746 1567 779 1631 et
800 1561 1061 1649 quemadmodum
1074 1560 1124 1628 illi
1139 1561 1232 1628 huius
1246 1560 1348 1626 indicii

280 1676 393 1739 eventu
415 1677 602 1740 moveantur.
1214 1671 1218 1678 '

380 1896 444 1965 Pro
471 1897 681 1965 casina-51:
710 1898 800 1978 Qua
826 1895 904 1975 lex,
933 1895 1037 1980 quod
1063 1893 1229 1960 senatus
1258 1913 1348 1961 eon·
1477 1934 1478 1962 r

280 2005 451 2083 sultum,
580 2004 683 2088 quod
710 2003 838 2070 loedus
869 2003 950 2069 aut
970 2002 1123 2086 pactio,
1156 2001 1276 2084 quod,
1308 2003 1350 2066 ut

280 2109 326 2173 ad
348 2109 534 2192 priuatas
556 2129 619 2176 res
647 2111 825 2188 redeam,
854 2110 1163 2187 testamentum,
1185 2128 1267 2193 quae
1289 2110 1350 2174 iu-

281 2215 389 2282 dicia
420 2220 488 2282 aut
520 2217 819 2301 stipulationes
851 2220 920 2283 aut
951 2216 1064 2300 pasti
1091 2220 1130 2281 et
1158 2216 1350 2282 conventi

279 2322 455 2388 formula
477 2342 552 2390 nou
571 2323 781 2390 infirmari
802 2343 846 2392 ao
866 2324 1048 2392 convelli
1069 2324 1222 2406 potest,
1249 2322 1283 2388 si
1304 2323 1350 2388 ad

278 2431 400 2496 verba
428 2449 508 2496 rom
536 2430 764 2500 deflectere
792 2433 967 2498 volimus
990 2477 997 2493 .
1021 2477 1029 2494 .
1052 2433 1086 2495 ,Ρ
1128 2428 1278 2496 Meudnm
1300 2427 1350 2492 hio

279 2537 405 2604 subesse
419 2539 555 2624 arguunt
569 2558 638 2604 eum
653 2539 801 2605 uocabula
821 2539 978 2604 iudicia
998 2538 1031 2604 et
1051 2536 1349 2620 stipulationes

278 2663 421 2728 perverse
452 2645 566 2728 plurali
598 2663 727 2712 numero
759 2647 872 2712 ceteris
904 2645 1054 2731 singulari
1086 2663 1212 2711 numero
1240 2641 1349 2727 positis

280 2751 452 2828 interiecta,
474 2755 543 2816 tum
565 2753 712 2818 omissum
735 2771 833 2835 quas,
848 2752 931 2837 quod
954 2753 1125 2818 necessario
1146 2752 1219 2817 aute
1240 2747 1350 2834 pacti

281 2859 320 2923 et
341 2858 533 2924 eonveuti
554 2858 794 2935 addidebebat,
819 2857 846 2922 si
868 2857 909 2922 ad
931 2858 998 2925 haeo
1018 2860 1086 2926 sola
1106 2858 1234 2924 nomina
1254 2856 1350 2941 perti·

281 2966 377 3038 neret,
410 2964 493 3046 quod
524 2966 674 3048 sequitur,
705 2965 881 3031 formula
911 2965 1012 3050 iisque
1034 2965 1215 3031 adiunctum
1238 2982 1348 3030 novum

282 3070 453 3136 contineret
485 3070 645 3136 sententiae
678 3073 860 3158 membrum.
911 3071 1100 3138 ¹Emendatio
1122 3071 1272 3138 facillima
1294 3070 1349 3135 est.
1439 3155 1443 3162 Ι

282 3175 484 3242 Soribeudum
506 3179 554 3242 est
576 3178 674 3242 euim:
704 3197 786 3262 quae
813 3177 924 3246 iudioii
950 3179 1019 3245 aut
1040 3177 1260 3267 stipulationis
1282 3179 1350 3244 aut

149 3363 152 3370 ¹
281 3281 650 3365 paetietoonreuti
666 3283 849 3350 formula.
872 3285 950 3352 Cum
967 3286 1094 3368 antiquo
1109 3303 1194 3352 mora
1208 3287 1349 3371 genetivo

281 3407 354 3455 oasu
365 3389 515 3472 seriptum
528 3391 611 3456 esset
624 3391 771 3472 iudici,
787 3391 932 3458 librarius
945 3394 1054 3472 vocali,
1071 3413 1139 3478 quae
1156 3393 1350 3477 sequebatur,

281 3496 441 3581 geminata
462 3496 618 3563 iudicia
639 3497 752 3572 effeeit,
768 3499 858 3583 eique
874 3501 1141 3566 accommodatum
1158 3500 1208 3564 est
1222 3499 1279 3565 sti
1286 3517 1350 3581 pu·

281 3603 470 3669 lationes.
521 3603 634 3670 Videre
666 3604 746 3671 libet
777 3625 867 3685 nune,
903 3609 1033 3688 quantas
1065 3605 1172 3670 turbas
1206 3603 1351 3668 mendum

281 3709 431 3790 pusillum
452 3709 703 3778 animaduersum
724 3712 828 3795 aliqua
848 3715 993 3795 exparte,
1010 3713 1140 3778 sednon
1156 3711 1350 3797 perspectum

283 3816 476 3893 excitaverim
504 3837 575 3884 nam
601 3817 713 3884 Bolius
736 3819 932 3883 scribendum
955 3820 1085 3884 coniecit
1106 3815 1264 3883 fiducia
1285 3818 1351 3883 ant

283 3921 503 4005 stipulatio
539 3925 624 4003 aut;
663 3923 821 4008 Kayserus
856 3925 958 3990 omnia
991 3925 1056 3992 haeo
1091 3923 1249 3990 iudicia
1284 3924 1352 3990 aut

284 4028 582 4111 stipulationes
597 4032 665 4096 aut
683 4030 771 4095 uncis
785 4028 911 4096 inclusit
925 4030 1009 4111 lorti,
1024 4033 1060 4098 ut
1074 4031 1201 4112 solebat,
1217 4030 1350 4097 remedio

282 4152 366 4199 usus.
411 4135 451 4200 ut
472 4136 577 4201 tamen
599 4137 675 4219 ipse,
702 4133 777 4217 quid
806 4137 1021 4219 requireretur,
1050 4140 1177 4205 obscure
1204 4139 1350 4214 senserat,
