3008 4654
297 301 360 368 m
656 303 923 374 mmmm

256 500 407 567 multas
428 503 586 568 correctior.
637 501 990 568 Sitmeuattmdenis
1010 500 1326 585 pranderelitterae

256 623 314 686 as,
343 605 511 674 admodm
540 609 605 674 reri
633 607 1094 690 simileridebiturseriptum
1124 607 1327 674 mma-²·

255 711 386 782 nihtas
407 715 711 791 (assimulatas).

357 819 436 886 Ihid.
452 821 470 905 ς
485 821 544 886 32:
565 820 656 902 Qua
669 821 858 904 quoniam
874 820 1073 885 miracula
1087 819 1216 886 multa
1231 824 1325 885 sunt

257 927 447 1008 opusculi
469 927 599 995 nestri
628 927 879 1010 propositum
908 924 1165 1004 excedentia,
1192 925 1241 990 ad
1259 925 1327 989 in·

254 1031 377 1117 genia
411 1033 521 1100 celsa
554 1051 758 1118 paramus,
789 1051 916 1116 pauca
946 1049 1065 1114 snper
1096 1032 1328 1116 prouinciis

255 1137 475 1204 narraturi.
526 1141 672 1206 Parare
698 1138 860 1222 aliquid
890 1138 938 1204 ad
964 1139 1132 1224 ingenia
1152 1139 1327 1204 celsano

257 1245 440 1310 Ammianus
460 1245 586 1329 quidem
609 1245 711 1314 dicere
731 1247 842 1329 potnit,
859 1251 894 1311 nt
908 1244 1136 1330 intelligeretur
1148 1244 1189 1310 iin
1202 1244 1324 1328 aliquid

255 1349 392 1435 relinqui
413 1353 626 1430 tractandumr
647 1350 783 1418 scribere
803 1352 923 1436 potuIt:
957 1351 1004 1417 ad
1024 1349 1193 1436 Ingenia
1213 1351 1328 1416 celsa

254 1471 454 1542 mmm

357 1562 436 1630 Ihid.
462 1563 510 1642 16,
534 1565 571 1630 8:
604 1563 714 1630 Inibi
740 1583 844 1631 anua
865 1563 1096 1631 salubriter
1116 1564 1329 1647 spirantes

257 1685 359 1752 sape
380 1669 638 1754 tranquillus
660 1677 699 1738 et
720 1670 898 1738 clemens
919 1671 978 1738 cet.
1023 1670 1067 1734 hx
1088 1689 1191 1752 sepe
1210 1670 1329 1736 inolen-

254 1770 330 1840 dum
352 1775 473 1842 videtur
493 1793 554 1846 aer
573 1777 653 1864 lpse.

355 1881 433 1948 lhid.
449 1883 466 1967 ξ
483 1883 540 1949 17:
561 1883 721 1950 recalet
741 1882 844 1966 apud
865 1882 1056 1966 quosdam
1078 1881 1206 1948 adhuc
1221 1883 1328 1948 licet

256 2003 369 2054 raros
391 1989 449 2064 (sic
469 1989 556 2068 Val.;
578 1988 665 2056 codd.
688 1991 812 2067 atros)
839 1988 1120 2056 consideratio
1142 1987 1326 2054 mundani
1362 2054 1365 2058 .

254 2099 385 2162 motus
411 2099 451 2162 et
479 2096 671 2174 siderum,
702 2095 893 2178 doctique
921 2097 1016 2162 sunt
1042 2097 1113 2161 eut
1139 2113 1327 2162 numeros

254 2200 372 2282 pauci
395 2219 514 2284 snper
535 2203 596 2269 his
619 2202 839 2268 scientiam
861 2201 1034 2281 callent,
1050 2221 1133 2286 quae
1155 2202 1324 2270 ictorum

254 2304 341 2374 vias
377 2307 571 2374 ostendit
625 2309 670 2373 llx
708 2307 766 2374 hae
805 2307 944 2375 codicum
983 2308 1136 2392 scriptura
1171 2309 1323 2376 efficitur:

255 2409 447 2498 doctique
489 2415 583 2480 sunt
617 2415 674 2484 alii
709 2434 911 2492 numeros;
954 2415 1070 2500 ponci
1105 2419 1224 2499 snper
1259 2415 1324 2481 his

255 2519 470 2586 scientiam
502 2520 674 2601 callent,
706 2540 788 2605 quae
816 2522 990 2588 fatorum
1019 2523 1106 2588 rias
1128 2519 1324 2588 ostendit.

254 2621 328 2690 Tria
350 2644 463 2710 genere
485 2625 644 2693 homiuum
665 2627 909 2712 distinguuntur.
918 2630 952 2708 *)

355 2765 421 2832 Llh.
443 2765 561 2845 XXIII,
587 2769 613 2842 l,
636 2769 672 2833 7:
704 2787 787 2834 cum
819 2770 1075 2836 irruentibus
1103 2769 1226 2834 armis
1254 2786 1323 2833 ex·

254 2870 387 2939 ternis
418 2871 481 2938 lex
513 2891 588 2939 nna
620 2873 676 2938 sii
708 2876 747 2940 et
774 2878 986 2959 perpetua,
1017 2876 1191 2942 salutem
1215 2873 1321 2939 omni

256 2976 416 3042 ratione
449 2977 684 3060 defendere,
718 2981 825 3046 nihil
855 2983 1097 3048 remittente
1127 2981 1163 3045 vi
1186 2979 1322 3045 merle.

254 3081 288 3148 ln
312 3080 527 3169 lindenbrogii
550 3087 755 3153 extremarum
777 3107 885 3154 vocum
914 3089 1111 3165 correctione,
1139 3105 1230 3170 quam
1254 3085 1320 3150 edi·

253 3189 335 3255 tores
367 3193 545 3273 sequuntur,
578 3209 638 3257 uon
660 3193 812 3278 iutelligo,
842 3210 901 3277 quo
930 3213 1022 3260 sensu
1043 3192 1154 3260 mortis
1175 3195 1222 3259 vis
1245 3191 1323 3256 nihil

253 3293 412 3361 remittere
428 3294 558 3362 dicetur.
592 3296 809 3364 Soribsndum:
833 3298 938 3364 nihil
954 3298 1172 3366 remittentem
1185 3297 1323 3382 vigoris,

252 3397 311 3468 hcc
333 3403 390 3479 est,
413 3403 496 3468 omni
518 3403 624 3488 vigore
647 3404 793 3470 utentem.
940 3413 943 3418 '

306 3669 332 3740 *)
350 3669 426 3726 Inter
443 3671 622 3743 incredibilis,
649 3690 710 3744 quse
739 3675 768 3728 iu
794 3690 825 3730 rc
849 3674 949 3730 critica
970 3673 1105 3741 accidunt,
1122 3690 1177 3729 non
1197 3679 1325 3728 extremo

310 3765 318 3780 ’
353 3763 414 3819 loco
438 3765 593 3834 ponendum
621 3775 672 3836 est,
700 3767 773 3835 quod
790 3767 873 3837 paulo
891 3775 955 3838 post
973 3766 1001 3838 (ξ
1020 3768 1066 3837 22)
1084 3765 1325 3822 Gardthausenius

355 3856 531 3912 Gutschmidii
559 3861 742 3916 coniectorem
770 3865 879 3915 secutus
904 3859 981 3916 lesu
1000 3875 1098 3915 nomen
1117 3860 1188 3913 inter
1207 3861 1326 3916 Graecos

352 3949 530 4020 philosophos
548 3951 721 4022 interposuit,
745 3950 859 4022 expulso
878 3951 1004 4008 Platonis
1027 3953 1145 4021 nomine,
1169 3952 1242 4021 quod
1260 3968 1322 4006 rec-

353 4041 458 4099 tissime
476 4043 604 4101 Valesius
624 4045 753 4101 effecerat
772 4059 806 4098 ex
828 4045 974 4113 negatione
992 4047 1080 4112 (non)
1102 4051 1187 4100 totam
1211 4051 1327 4100 senten-

353 4136 418 4191 tium
435 4135 592 4206 perimente.
