3008 4654
668 289 789 347 Tacitus.
1159 287 1200 349 22

194 484 452 571 significationem
475 485 659 575 detorqueri,
690 505 758 570 qnae
784 486 929 570 hocloco
950 486 1126 570 requiritur,
1148 487 1184 550 ut
1205 502 1262 567 pro

195 613 241 671 eo,
264 593 346 676 qnod
369 597 416 659 est
437 593 687 670 incuriosus,
710 592 839 659 dicetur.
887 592 978 660 cera
1001 595 1034 660 et
1055 592 1136 658 facili
1159 609 1260 656 emen·

194 699 320 766 datione
342 700 535 766 scribendum
559 704 623 766 est:
647 701 876 766 absentium
898 717 1014 777 caeoos,
1044 697 1261 783 proesenti-

193 809 263 872 bus
289 808 470 873 mobiles.
521 807 702 874 Absentinm
733 807 805 872 cerri
835 806 995 889 aptissime
1025 807 1176 882 dicuntur,
1206 803 1259 888 qui

194 932 230 978 ee
262 933 319 980 nec
352 913 458 986 vident
489 933 546 981 neo
577 917 695 994 curant,
728 914 834 980 eedem
868 913 1004 997 genetivi
1035 913 1163 989 ratione,
1200 929 1262 995 qua

194 1018 319 1085 Tacitus
356 1020 545 1102 pavidum
581 1021 869 1097 ostensionum,
905 1019 1102 1098 laborum,
1140 1017 1259 1082 nendi
1314 1057 1315 1060 =

194 1125 317 1210 aliaque
340 1127 457 1193 similia
479 1127 567 1204 dixit,
601 1127 716 1194 Seneca
747 1127 936 1193 timidum
968 1126 1075 1192 lucis
1097 1125 1261 1204 (Horatius
1284 1131 1286 1135 ’

194 1233 409 1316 procellae),
442 1235 639 1300 transitivum
660 1234 821 1301 adiectivis
842 1234 905 1300 vim
929 1232 1110 1299 tribuentes.
1155 1231 1260 1314 Ipsum
1347 1222 1351 1228 ’

193 1358 316 1405 caeous
349 1340 394 1405 sic
427 1359 496 1406 cnm
531 1343 674 1426 genetivo
704 1342 826 1426 ponitur
855 1340 934 1423 apud
965 1340 1123 1404 Lucanum
1154 1337 1262 1415 11,14

194 1447 226 1510 et
248 1443 361 1512 Silium
383 1446 530 1513 italicum
555 1450 592 1527 ΙΙ,
616 1447 686 1512 206.
745 1447 791 1512 iix
823 1463 944 1512 cacos
976 1447 1109 1528 primum
1143 1445 1261 1510 tactum

192 1570 292 1617 aecos
314 1553 442 1637 entique
463 1553 570 1634 forma,
594 1561 660 1621 tum
684 1572 813 1637 aequos
835 1554 999 1618 communi.

293 1658 370 1750 lbid.
393 1661 451 1726 49:
480 1663 613 1745 igitur
634 1665 825 1728 accusata
846 1659 979 1742 (Papinii
1003 1661 1113 1735 mater)
1137 1658 1173 1722 in
1197 1675 1261 1722 sc-

193 1769 303 1844 reto,
341 1784 576 1850 quemqnam
612 1786 741 1852 genua
776 1770 933 1849 patrum
971 1763 1262 1832 advolveretur

195 1873 428 1956 luctumque
450 1893 692 1940 communem
717 1869 1260 1966 otmagieimbecillumtali
1306 1955 1308 1960 ,

195 1998 314 2060 super
337 1998 428 2046 casn
458 1984 696 2047 feminarum
724 1980 896 2046 animum
918 1981 1079 2062 aliaque
1102 1978 1140 2042 in
1164 1996 1260 2041 cun-

195 2087 280 2150 dem
313 2085 491 2153 dolorem
526 2090 663 2154 musta
696 2092 735 2153 ct
763 2085 993 2152 miserenda
1023 2086 1086 2150 diu
1115 2085 1261 2164 terret,

196 2194 290 2258 urbe
323 2197 455 2259 tamen
490 2195 527 2259 in
563 2194 695 2260 decem
727 2213 851 2260 annos
880 2191 1089 2277 prohibite
1118 2194 1180 2256 est
1201 2194 1260 2256 cet.

193 2297 302 2382 Neque
324 2301 396 2383 quid
417 2302 460 2366 sit
481 2300 520 2366 in
545 2302 720 2368 dolorem
743 2302 921 2378 maestus,
944 2299 1139 2384 intelligitur,
1162 2317 1262 2382 neque

193 2424 252 2488 quo
269 2404 420 2472 referetur
434 2409 465 2471 in
482 2406 596 2473 doloris
614 2409 761 2474 vocabulo
783 2425 951 2490 pronomen
973 2405 1092 2483 idem,
1116 2407 1261 2489 qnoniam

193 2513 351 2592 praecessit
372 2514 557 2580 feminarum
579 2516 672 2580 animi
695 2516 821 2588 mentio,
844 2530 942 2596 neque
965 2512 1170 2596 omninoque
1193 2531 1262 2594 per·

192 2619 293 2684 tineat
314 2620 363 2706 bic
387 2619 543 2697 doloris
567 2640 687 2688 nomen.
721 2622 875 2704 Scriptum
898 2619 1014 2684 fuerat:
1036 2621 1074 2684 in
1096 2619 1260 2684 eundem

192 2724 341 2802 colorem,
375 2726 432 2794 hoc
466 2733 522 2801 est.
556 2729 587 2792 in
617 2727 743 2793 eandem
775 2730 895 2810 partem
925 2725 1020 2791 etad
1052 2726 1181 2791 eundem
1205 2744 1261 2790 au-

193 2833 343 2897 dientium
377 2840 409 2898 et
441 2833 645 2900 iudicantium
679 2835 821 2900 affectum
857 2834 1052 2899 movendum.
1102 2831 1182 2896 Nam
1216 2831 1261 2896 sic

192 2940 312 3021 proprie
334 2938 392 3006 hac
413 2942 514 3018 aetete,
535 2941 668 3007 maxime
684 2940 764 3024 apud
779 2943 916 3012 oratores
932 2944 964 3006 et
979 2941 1127 3012 rhetores,
1151 2937 1262 3004 color

192 3045 355 3112 dicebatur
384 3049 421 3113 dc
451 3067 487 3112 ca
515 3047 625 3128 specie,
657 3065 725 3130 quae
754 3048 798 3112 rei
827 3047 858 3111 in
890 3047 1036 3113 iudicium
1061 3046 1199 3111 deducta
1221 3045 1260 3109 ed

193 3153 417 3218 excusationem
441 3153 711 3237 detensionemquo
740 3156 779 3218 ab
810 3173 860 3220 reo
890 3153 944 3219 aut
975 3157 1101 3236 petrono
1130 3153 1257 3217 induce-

195 3261 295 3324 batur.
347 3262 453 3344 ltaque
481 3259 597 3325 Seneca
619 3261 734 3326 Rhetor
756 3264 903 3344 perpetue
935 3261 1168 3332 consuetudine,
1200 3277 1261 3342 quo

193 3363 322 3450 quisque
351 3370 485 3433 colore
516 3367 548 3430 in
579 3368 789 3433 controversia
817 3367 920 3450 aliqua
949 3387 1023 3432 usne
1052 3369 1102 3443 sit,
1126 3367 1260 3448 exponit.

194 3470 259 3550 [Sic
281 3473 342 3536 iam
365 3472 553 3553 Acidaliae]
598 3475 658 3550 (De
681 3476 780 3539 verbis
803 3475 870 3539 diu
896 3473 1024 3538 terret
1046 3472 1262 3538 dubitantibus

192 3579 351 3656 assentior,
375 3580 450 3645 certi
472 3580 550 3645 nihil
572 3582 715 3664 reperio.)
1054 3642 1057 3648 .

294 3696 372 3760 ibid.
395 3697 449 3774 XI,
472 3699 511 3761 23
535 3698 730 3778 (chellis):
762 3699 956 3764 Recentia
977 3697 1073 3773 haec;
1096 3695 1201 3781 quid,
1226 3697 1259 3760 si

193 3803 383 3870 memorie
414 3823 545 3869 eornm
575 3808 776 3882 ororetur,
805 3807 871 3888 qui
898 3802 1104 3886 Capitolio
1127 3809 1164 3867 et
1193 3823 1262 3868 are

193 3907 364 3975 Romana
393 3912 574 3978 manibus
608 3912 822 3978 eorundem
851 3930 881 3994 p,
902 3911 1021 3988 (addite
1044 3911 1122 3976 infre
1145 3908 1258 3976 lincol-r

190 4019 381 4095 transverse)
404 4011 452 4084 se
466 4017 595 4083 setis?
639 4018 689 4084 Sic
712 4018 804 4084 codex
824 4019 867 4082 M.
911 4019 947 4082 ln
970 4017 1041 4084 locd
1058 4017 1168 4082 misere
1191 4035 1262 4094 cor·

189 4124 283 4204 rupto
305 4126 376 4188 ente
399 4125 501 4189 omnia
522 4124 688 4190 tenendum
713 4127 823 4202 estin
846 4124 1022 4207 pronomine
1044 4142 1177 4189 eorum
1200 4139 1265 4186 non
