3008 4650
291 261 352 325 104
664 262 726 316 nin.
743 263 780 317 ιι.
799 261 865 331 cap.
882 261 906 314 1.

246 458 350 525 teris
372 459 525 527 Graecis
547 479 616 526 cnm
637 459 778 542 exempla
799 459 957 525 declarant
980 461 1030 538 (ut
1051 461 1072 546 ξ
1094 459 1154 522 169
1177 461 1209 524 et
1231 459 1322 536 175),

248 567 316 630 tum
337 567 435 645 ratio;
462 585 560 650 neque
590 567 670 631 enim
693 585 841 648 umquem
870 565 1006 632 Graeca
1027 566 1072 631 sic
1100 565 1241 631 absolute
1267 562 1324 628 di·

248 675 369 740 cuntur.
419 673 480 739 Sed
509 673 634 738 etiarnsi
662 672 826 738 litteris
855 671 1020 745 addideris,
1052 673 1191 736 remanet
1212 673 1320 736 tamen

247 781 355 846 vitium
380 779 528 847 orationis
550 779 582 845 in
606 780 744 852 etiem,
767 779 858 861 quod,
881 796 941 861 qno
956 778 1114 856 referatur,
1135 797 1196 843 uon
1211 777 1320 843 habet,

246 886 390 952 Fortasse
405 887 510 954 Cicero
525 885 875 969 scripserat:Doctus
897 883 1018 948 etiem
1034 884 1151 966 <in>
1166 885 1322 950 Grecis

246 991 282 1058 Τ.
304 993 504 1060 Albucius
525 995 588 1059 vel
610 992 746 1076 potius
767 1010 873 1075 paene
896 990 1071 1067 Graccus,
1098 993 1135 1056 ut
1155 990 1318 1070 Albucius,

247 1100 371 1166 etiamsi
410 1120 480 1167 cum
516 1098 631 1165 Graecis
668 1099 897 1181 compararetur
933 1117 990 1164 nec
1024 1098 1167 1164 Romana
1208 1097 1322 1182 regula

246 1207 464 1285 aestimaretur,
487 1206 597 1272 doctus
618 1205 714 1272 fuisse
735 1204 968 1289 significaretur.

347 1311 427 1378 Ibid.
444 1313 524 1378 150:
547 1317 769 1394 aetatesque
791 1312 937 1377 restrae
958 1313 1000 1377 ut
1028 1313 1192 1376 illorum
1209 1310 1321 1377 nibil

245 1419 315 1483 ant
342 1436 416 1482 non
445 1419 529 1486 lere
557 1419 725 1486 multum
753 1418 965 1483 differunt
1016 1417 1147 1483 Prorsus
1173 1437 1321 1502 perverse

246 1522 328 1591 inter
368 1544 442 1592 non
481 1530 513 1592 ct
549 1528 718 1592 multum
751 1524 955 1608 interponitur
987 1524 1071 1590 fere
1094 1526 1196 1608 (longe
1234 1524 1315 1590 euim
1381 1535 1383 1538 ·

246 1630 338 1698 aliter
369 1651 425 1714 per
458 1651 491 1698 se
521 1632 735 1699 diciturnou
756 1632 901 1708 ferme).
946 1629 1034 1710 Quod
1056 1633 1089 1695 et
1109 1631 1262 1697 sententia
1283 1632 1321 1694 et

245 1737 392 1822 loquendi
414 1757 489 1806 nsus
510 1741 649 1824 requirit,
681 1738 813 1804 elficitnr
833 1737 899 1803 leni
919 1737 1173 1820 transpositione:
1209 1735 1320 1801 nibil

246 1841 330 1908 fere
362 1846 432 1910 aut
464 1865 538 1911 non
572 1847 750 1911 multum.
805 1843 946 1909 Similem
974 1843 1245 1926 transpositionem
1281 1846 1315 1908 iu

248 1949 268 2028 ξ
293 1948 353 2013 187
376 1951 490 2016 iactam
513 1951 739 2017 demonstrabo.
769 1949 865 2016 ilum
882 1951 1025 2016 librarius
1046 1950 1192 2016 omissam
1214 1969 1319 2017 errore

247 2073 352 2120 vocem
374 2058 408 2121 in
429 2059 568 2142 margine
599 2065 654 2122 aut
681 2059 762 2124 inter
789 2076 894 2122 versus
921 2058 1101 2134 addidisset,
1131 2075 1224 2139 pravo
1246 2059 1321 2123 loco

245 2160 360 2227 inserte
382 2160 483 2247 est.*)

346 2269 426 2334 lbid.
439 2271 515 2334 156:
538 2270 753 2354 aequalitas
775 2273 912 2335 restra
934 2318 941 2335 .
965 2319 974 2334 .
997 2320 1005 2335 .
1027 2273 1184 2336 tantum
1205 2273 1320 2337 abest

247 2374 292 2440 eb
314 2375 618 2444 obtrectatione
641 2379 680 2442 ot
702 2377 877 2448 invidie.
899 2395 982 2460 quae
1004 2378 1111 2442 solet
1132 2378 1322 2444 lacerare·

245 2480 478 2564 plerosque,
511 2484 571 2550 uti
603 2487 659 2549 cet.
703 2482 926 2548 Lacerandi
959 2484 1087 2550 verbum
1119 2485 1243 2567 ponitur
1275 2482 1320 2548 de

245 2586 371 2656 invidiae
394 2587 424 2652 vi
446 2594 479 2656 et
499 2591 620 2672 impetu
641 2590 673 2655 in
697 2608 760 2667 eos,
783 2589 893 2672 quibus
915 2590 1077 2666 invidetur,
1093 2591 1320 2674 expromend03.

246 2696 285 2762 de
308 2696 456 2779 ipsorum,
479 2696 531 2780 qui
553 2695 703 2774 invident,
731 2695 827 2761 animi
856 2695 968 2762 affectu
996 2697 1127 2762 molesto
1148 2697 1180 2762 et
1201 2714 1313 2780 augore

245 2802 584 2890 maceraredieitur
613 2807 649 2868 ut
676 2804 714 2867 de
743 2802 897 2868 similibus
925 2804 1061 2879 astibus,
1085 2805 1196 2886 quibus
1218 2801 1318 2869 animi

246 2909 418 2990 coquuntur
440 2909 473 2974 et
494 2911 683 2992 torquentur,
713 2908 806 2991 idque
829 2909 955 2974 verbum
978 2909 1069 2976 hice
1092 2909 1237 2976 Cicerone
1257 2927 1312 2992 po·

241 3014 338 3078 situm
361 3014 475 3098 opinor.

295 3255 320 3325 *)
338 3257 371 3310 In
389 3255 516 3326 proxime
532 3259 705 3328 paragrapho
717 3258 789 3328 (151)
809 3259 968 3316 adverbium
987 3279 1063 3332 urna,
1082 3269 1113 3317 ut
1130 3277 1202 3317 nnnc
1222 3267 1321 3318 cetera.

343 3349 505 3420 scribuntur,
532 3367 616 3420 prave
643 3353 754 3421 ponitur
781 3354 883 3411 omisso
905 3371 1030 3411 mecum
1048 3372 1098 3411 nec
1117 3357 1227 3410 omnino
1248 3359 1319 3424 apte

343 3441 455 3499 additur
472 3443 501 3498 in
520 3461 553 3500 ea
570 3446 743 3515 renotanda,
758 3463 819 3515 quae
832 3449 942 3517 proprie
956 3449 991 3503 ad
1002 3449 1152 3518 Sulpicium
1166 3449 1320 3517 pertineat.

340 3552 397 3592 non
415 3538 594 3593 communiter
612 3537 727 3594 adeum
746 3547 774 3595 et
794 3541 958 3596 Ciceronem.
1009 3541 1111 3610 Opinor
1138 3559 1155 3598 a
1181 3543 1320 3598 Cicerone

340 3629 475 3698 scriptum
503 3628 599 3686 fuisse:
638 3649 710 3688 nam
736 3640 769 3688 et
795 3634 828 3689 in
854 3633 974 3690 iisdem
1003 3634 1317 3690 exercitationibus

340 3721 481 3778 ineunte
509 3730 607 3779 aetate
634 3724 756 3781 fuimus
776 3733 810 3782 et
828 3734 945 3796 postea
963 3743 1027 3783 una
1048 3726 1152 3798 Rbodi3
1175 3741 1241 3783 narn
1259 3725 1312 3782 illo

341 3815 442 3870 etiam
469 3814 646 3884 profectus
674 3826 740 3888 cet,
768 3836 830 3888 quo
857 3821 979 3876 melior
1004 3827 1096 3876 esset
1118 3827 1150 3877 et
1169 3822 1315 3877 doctior,

252 3915 255 3922 ‘
341 3907 395 3963 Sed
422 3910 482 3964 baec
510 3910 633 3979 suspicio
659 3927 693 3965 ex
716 3929 808 3969 cerum
830 3929 929 3983 genere
952 3919 1002 3982 est,
1022 3914 1120 3982 quibus
1139 3913 1249 3970 difficile
1268 3920 1320 3969 est

249 4017 253 4026 ·
279 4043 280 4048 ,
338 3999 426 4055 nullis
444 4001 568 4058 codicum
586 4004 711 4073 vestigiis
730 4003 922 4062 adiuvaritibus
949 4006 1195 4063 verisimilitudinis
1218 4013 1318 4063 notam

337 4107 501 4161 imprimere.
