3008 4654
521 307 580 363 Lib.
600 307 635 363 11.
655 308 720 379 Cap.
739 307 772 364 V.
799 307 918 364 Tacitus.
1151 309 1212 373 223

186 525 291 572 sarum
322 506 422 589 primo
455 507 568 575 saeonlo
601 507 720 586 luisset,
752 505 969 592 cognoscendae
1002 505 1164 572 materiam
1197 507 1263 572 sub

186 631 282 679 unum
304 614 542 698 continuumque
564 618 761 696 conspectum
789 611 956 680 adductam
986 631 1055 680 oum
1084 630 1131 690 aa,
1161 629 1260 694 quam

185 720 252 802 ipse
274 720 306 785 in
329 737 419 802 opere
442 723 480 789 ds
502 720 633 805 publicis
650 719 855 788 Romanorum
871 720 1022 786 institutis
1037 719 1261 798 delineassem,

186 825 319 912 imagine
341 828 440 894 denuo
461 827 638 894 conferrem.
689 827 768 893 dum
796 826 902 911 igitur,
925 826 1006 911 quod
1027 826 1109 893 oculi
1130 843 1253 892 omnem
1291 817 1293 822 ’

186 934 309 999 omuino
330 933 455 1018 legendi
477 953 600 1018 operam
630 935 836 1021 denegabant,
865 934 964 1001 Taciti
992 933 1089 1000 oratio
1119 932 1194 997 milri
1217 950 1259 997 er,

185 1038 302 1106 Halmii
325 1042 463 1125 exemplo
486 1043 628 1126 quartum
652 1042 783 1125 repetito
805 1042 851 1107 ita
865 1041 1056 1118 recitaretur,
1072 1041 1115 1120 nt,
1132 1041 1157 1105 si
1177 1037 1260 1124 quid

185 1145 363 1214 offendisset
399 1149 596 1233 animumque
640 1147 833 1215 dubitatione
875 1145 1067 1232 pupugisset,
1110 1145 1250 1214 codicum

184 1251 381 1335 scripturae
410 1255 530 1321 Rittero
559 1257 716 1322 annotate
744 1258 990 1340 compararentur
1020 1253 1250 1321 consideraren-

183 1362 306 1444 turqae,
339 1361 421 1427 idem
455 1345 531 1427 milri
561 1364 671 1443 evenit,
706 1362 786 1446 quod
819 1381 901 1445 sape
934 1362 1034 1442 antea,
1057 1379 1126 1426 cum
1149 1359 1255 1427 Taciti

183 1467 296 1550 scripta
316 1471 492 1547 tractarem,
515 1473 669 1549 evenerat,
692 1476 726 1535 ut
752 1468 914 1552 permultis
945 1469 1021 1534 locis
1051 1486 1103 1534 eas
1133 1469 1251 1535 coniec-

182 1574 277 1652 turas,
301 1572 332 1639 in
356 1593 432 1659 quas
454 1577 519 1659 ipse
541 1579 596 1642 aut
617 1575 724 1642 statim
746 1578 801 1641 aut
821 1577 946 1658 sumpto
967 1573 1125 1659 cogitandi
1147 1573 1257 1658 spatio·-

182 1679 368 1758 incidissem,
391 1701 443 1749 ess
466 1682 586 1762 deiude,
603 1684 740 1765 inspecto
756 1681 932 1748 Halmianae
947 1680 1092 1748 editionis
1108 1681 1247 1765 margine

182 1786 391 1872 adhibitisque
414 1789 613 1856 Belrkeriansc
636 1788 782 1856 editionis
805 1788 929 1854 maioris
951 1787 1056 1871 copiis,
1078 1806 1097 1854 a
1116 1787 1256 1871 superio·-

181 1913 249 1960 rum
279 1892 391 1979 aliquo,
422 1896 579 1977 Rhenano,
610 1897 723 1980 Lipsio,
755 1895 906 1975 Acidalio,
936 1895 1079 1975 Picheua,
1109 1894 1256 1974 Heinsio,

182 2000 587 2082 Freinshemio,(}1·onorio,
611 2005 753 2070 Ernestio
776 2002 883 2082 aliove,
899 2002 1057 2069 interdum
1081 2003 1121 2068 ab
1147 2001 1249 2086 aliquo
1332 1993 1337 1998 ’

180 2125 296 2186 eorum,
321 2109 372 2193 qui
395 2128 491 2194 nuper
520 2109 565 2176 ia
582 2111 682 2178 Taciti
706 2109 827 2194 scriptis
850 2111 1057 2190 elaborarunt,
1080 2110 1256 2194 praeceptas

181 2214 386 2300 intelligerem
409 2236 549 2303 sepeque
572 2217 698 2284 mirarer
715 2237 773 2283 non
790 2216 908 2302 pridem
923 2217 955 2283 iu
970 2218 1115 2284 contextu
1130 2218 1247 2301 positas

182 2341 250 2389 esse
273 2324 361 2399 (adeo
384 2323 460 2390 mihi
482 2325 589 2391 multae
613 2344 718 2391 aarum
739 2329 830 2392 certe
851 2324 1057 2404 videbantur),
1088 2313 1257 2390 nonnullas-

181 2447 278 2513 nuper
299 2431 376 2509 loco,
400 2450 491 2515 quem
513 2432 694 2511 tenuissent,
721 2432 836 2514 pulsas,
866 2432 945 2498 alias
974 2450 1098 2515 prorsus
1124 2429 1253 2495 silentio

181 2536 358 2616 omissas.*)
402 2537 461 2604 Sed
492 2541 602 2624 praeter
631 2556 682 2604 aas
712 2538 950 2617 emendationes,
980 2537 1013 2603 in
1043 2538 1153 2620 quibus
1176 2554 1253 2602 con·

131 2755 136 2769 '
234 2761 260 2832 *)
279 2763 350 2831 Quid
380 2763 502 2830 sentiam,
531 2777 612 2832 qnam
640 2761 775 2817 editorum
802 2763 964 2832 patientiam
994 2767 1022 2817 et
1049 2771 1112 2831 qnae
1140 2761 1248 2818 tacendi

282 2855 381 2926 elingia
407 2871 463 2911 nou
490 2855 586 2925 ierem,
613 2855 729 2925 exempli
757 2870 840 2912 causa
867 2855 895 2910 in
922 2871 976 2910 uno
1004 2855 1084 2924 primi
1112 2856 1247 2912 annalium

280 2949 341 3004 libri
369 2949 429 3005 loco
457 2950 552 3020 paucis
580 2949 674 3004 verbis
702 2949 856 3005 declarabo.
902 2947 971 3003 Nam
991 2965 1012 3003 c.
1031 2948 1075 3017 44,
1102 2956 1247 3020 postquam

280 3043 390 3098 Tacitus
408 3043 545 3111 legionum
569 3041 731 3097 seditionem
755 3057 939 3112 compressam
959 3059 1020 3098 esse
1039 3050 1067 3098 et
1086 3044 1248 3115 supplicium

281 3136 314 3191 de
333 3135 476 3192 seditionis
495 3136 652 3192 auctoribus
672 3135 706 3190 ab
725 3135 792 3206 ipsis
811 3135 942 3192 militibus
965 3143 1101 3206 sumptum
1118 3139 1253 3206 narravit,¹

281 3230 321 3286 sio
345 3231 378 3285 de
402 3230 563 3286 Germanico
592 3228 733 3285 scribitur:
763 3229 1038 3286 centurionatum
1066 3229 1142 3285 inde
1170 3231 1245 3299 egit.

279 3323 419 3379 Enarrant
448 3324 639 3380 Germanicum
672 3337 815 3379 censuram
846 3324 1033 3379 centurionum
1070 3330 1097 3379 et
1133 3339 1246 3378 examen
1302 3325 1304 3330 ’

279 3417 427 3488 peregisse,
446 3418 492 3486 qui
511 3416 656 3486 retinendi,
676 3417 723 3486 qui
741 3418 802 3473 loco
822 3416 947 3472 morendi
962 3431 1095 3486 poenaque
1108 3415 1246 3471 alliciendi

281 3518 382 3566 essent.
428 3511 524 3581 Neque
552 3511 699 3578 dubitatur,
728 3511 792 3580 quin
819 3526 877 3565 eam
905 3525 963 3564 rem
991 3509 1103 3564 Tacitus
1130 3509 1245 3578 intelligi

280 3605 401 3659 soluerit.
441 3605 540 3659 Verum
559 3605 581 3659 si
594 3603 658 3674 quid
671 3605 739 3658 certi
752 3605 780 3658 in
796 3604 929 3659 sermonis
942 3618 993 3657 usu
1006 3607 1056 3671 est,
1067 3603 1245 3657 certissimum

281 3705 331 3767 est,
350 3698 608 3754 centurionatus
635 3696 808 3766 vocabulum,
836 3696 931 3752 eadem
958 3698 1065 3752 ratione
1092 3695 1252 3764 formatum,¹

280 3809 334 3861 qua
362 3792 614 3859 decurionatus,
642 3791 839 3861 optionatus
867 3795 894 3844 ct
922 3795 1001 3843 extre
1023 3804 1081 3844 rem
1100 3788 1244 3844 militarem

279 3885 490 3954 consulatus,
518 3884 725 3952 tribunatus,
748 3883 996 3939 decemviratus
1020 3882 1128 3952 aliaque
1152 3880 1245 3952 appel·

279 3979 379 4047 lentur,
398 3979 465 4032 nilril
485 3976 559 4034 aliud
577 3975 731 4045 significare
750 3977 804 4032 nisi
822 3977 910 4032 locum
930 3983 958 4031 et
969 3991 1067 4032 munus
1080 3974 1248 4030 centurionis

279 4079 314 4141 et,
333 4073 355 4128 si
375 4071 539 4126 declinatum
563 4071 683 4124 nonnihil
706 4086 723 4125 a
746 4069 834 4141 prima
857 4069 1051 4139 significatione
1070 4068 1249 4136 concedatur,

279 4172 370 4221 tamen
387 4163 462 4220 nullo
481 4163 561 4219 modo
580 4163 608 4217 in
627 4170 809 4232 campartem
833 4161 939 4219 deflecti
961 4163 1091 4234 potuisse,
1114 4161 1141 4216 in
1163 4175 1246 4230 qnam
