3012 4652
293 259 393 382 m·
651 314 917 384 mmmm

247 516 318 582 fieri
339 533 429 598 posse
452 513 536 594 dicit,
558 514 594 579 ut
615 511 723 578 eodem
750 512 887 597 exemplo
908 514 1012 596 plures
1027 512 1173 596 epistolas
1189 509 1319 588 mittat).

251 623 390 708 Apparet
411 620 586 688 Ciceronem
616 621 708 685 antea
738 619 883 696 voluisse,
913 620 1053 686 Atticum
1083 619 1122 685 ad
1152 637 1184 684 se
1206 617 1318 696 venire,

250 729 384 796 nuncid
406 727 569 794 consilium
590 726 764 809 improbare
787 727 819 790 et
839 724 978 793 abiicere.
1022 727 1067 792 ile
1093 725 1249 792 sententia
1271 725 1319 790 his

250 837 351 903 uerbis
374 834 520 917 concepta
542 833 624 898 erat:
654 831 784 900 Scilicet
815 834 912 911 tibi,
943 834 987 898 ut
1017 833 1186 912 scribis,
1218 830 1318 917 signi·

249 945 393 1022 iicaram,
415 942 461 1006 ut
482 943 529 1006 ad
550 959 607 1006 me
628 939 808 1018 venirem
831 939 865 1006 id
888 940 1090 1018 omittamus3
1121 939 1318 1022 intelligo
1383 948 1385 952 ·

250 1056 288 1117 te
312 1053 370 1117 cot.
403 1045 571 1113 Paeimis
604 1047 771 1113 scilicet
803 1045 993 1114 concedendi
1025 1046 1121 1112 babet
1148 1046 1224 1126 vim,
1257 1063 1318 1109 non

248 1157 360 1223 iniuria
390 1153 530 1220 Atticum
551 1152 695 1233 scribere,
730 1155 820 1220 antee
848 1153 880 1218 id
903 1172 921 1219 a
942 1151 1087 1219 Cicerone
1110 1153 1319 1237 significatum

246 1281 330 1340 esse;
369 1261 494 1327 alterins
528 1258 639 1325 erroris
672 1259 756 1344 origo
789 1261 862 1326 nata
895 1260 944 1326 est
976 1278 1011 1324 ex
1044 1259 1150 1327 littera
1182 1261 1318 1325 extrema

248 1367 388 1437 vocabuli
420 1367 584 1432 venires
615 1366 772 1450 geminate
804 1369 837 1433 et
868 1366 1014 1450 proximis
1049 1366 1129 1432 male
1163 1365 1318 1431 distractis

244 1477 295 1554 <si
318 1475 379 1541 do·
400 1493 454 1557 pro
475 1472 514 1538 id
536 1480 594 1551 o-).

349 1639 428 1706 lbid.
452 1639 501 1717 15,
526 1642 561 1702 4:
583 1637 719 1722 Neque
741 1636 821 1703 baec
845 1655 887 1703 so
910 1637 1062 1719 scribo,
1093 1656 1164 1722 quo
1186 1637 1224 1701 ts
1246 1652 1318 1701 non
1386 1630 1391 1640 '

248 1767 330 1815 meo
353 1765 446 1814 casu
473 1743 639 1811 maximo
668 1743 806 1811 dolore
834 1763 921 1810 esse
955 1743 1151 1811 affectum
1178 1743 1317 1820 sciam,

243 1855 317 1921 sed
344 1853 545 1937 profecto,
576 1851 628 1931 si,
658 1853 850 1934 quantum
879 1871 935 1916 rne
966 1870 1072 1918 amas
1094 1855 1133 1918 et
1154 1851 1316 1928 amasti,

229 1962 405 2032 ,tantum
426 1977 557 2024 amare
580 1958 751 2025 deberes
781 1977 823 2025 cc
853 1958 1083 2038 debuisses,
1106 1975 1318 2042 numquam

243 2085 359 2133 esses
381 2082 524 2147 passus
547 2082 620 2142 me,
643 2083 717 2148 quo
740 2066 784 2129 tu
806 2065 1055 2145 abundabas,
1085 2083 1203 2150 egere
1226 2082 1317 2132 con-

248 2172 345 2240 silio
368 2175 425 2238 ret.
469 2169 612 2236 Ridicule
639 2174 832 2255 comparatur
853 2171 952 2238 Albici
974 2189 1060 2236 amor
1082 2175 1114 2238 et
1136 2172 1259 2251 amoris,
1282 2173 1318 2237 ut

247 2280 294 2346 ita
315 2280 426 2356 dicam,
449 2276 564 2343 debitio
587 2278 633 2355 (si
660 2279 819 2345 tantum
847 2297 905 2344 me
933 2297 1063 2344 amare
1087 2279 1315 2356 debuisses,

242 2386 438 2469 quantum
461 2385 629 2465 amasti),
651 2386 842 2471 ridiculeque
864 2385 1066 2466 concluditur,
1090 2386 1240 2466 Atticum,
1259 2405 1317 2451 non

247 2493 273 2558 si
306 2494 451 2571 amasset,
485 2491 538 2556 sed
570 2492 597 2558 si
631 2511 734 2560 amere
763 2493 932 2573 debuisset,
955 2493 1066 2558 melius
1089 2493 1227 2560 Ciceroni
1246 2511 1317 2576 pro·

243 2600 423 2682 specturum
451 2598 556 2665 fuisse.
600 2599 778 2684 Comparari
809 2601 871 2678 (vel
903 2599 949 2665 sic
981 2599 1057 2666 satia
1091 2600 1256 2666 artificiose
1286 2604 1318 2664 st

243 2708 395 2785 contorte)
418 2706 516 2772 Attici
537 2724 674 2772 amorem
690 2709 722 2772 er
737 2709 802 2774 eius
816 2726 870 2791 pro
886 2707 1006 2772 moritis
1021 2707 1177 2773 Ciceronis
1192 2706 1317 2774 amandi

246 2815 312 2880 einr
335 2814 470 2880 officium
494 2814 534 2892 et,
557 2814 593 2878 ut
613 2813 791 2894 ita‘dicam,
817 2813 1189 2900 obligationsmapperet
1211 2812 1315 2893 exiis,

243 2940 315 3005 qua
337 2919 556 2985 subiiciuntnr:
582 2919 684 3002 quod
707 2925 794 2987 erat
816 2922 1020 2987 amoris—
1036 2922 1136 3004 quod
1154 2921 1316 2987 meritis

247 3027 347 3093 meis
374 3025 599 3110 perlectum
628 3028 820 3110 oportuit.
870 3027 981 3094 Omnia
1003 3027 1101 3112 igitur
1122 3031 1205 3094 recta
1227 3028 1316 3092 erunt

244 3133 362 3200 omisso
384 3149 530 3212 amare,
563 3133 644 3216 quod
672 3134 812 3200 additum
836 3136 894 3214 est,
914 3154 983 3201 curn
1008 3153 1067 3201 non
1090 3134 1316 3200 animadverte·

247 3243 340 3321 retur,
365 3240 759 3306 debersabsolutsdici:
782 3241 833 3320 si,
856 3242 1048 3325 quantum
1069 3259 1127 3306 me
1149 3259 1256 3307 amas
1278 3241 1318 3305 ot

242 3349 410 3427 amasti,
443 3348 600 3412 tantum
633 3347 801 3413 deberes
836 3367 878 3414 ac
911 3345 1125 3414 debuisses
1149 3347 1252 3432 (coena
1273 3348 1316 3413 du

242 3455 309 3521 cuir
329 3453 424 3520 seriel
442 3453 593 3539 scbuldc'q,
614 3474 650 3520 so
671 3453 859 3536 ocrpflc‘cbtct
877 3475 1014 3540 yeroeseu
1034 3455 1173 3539 wdrcst).

347 3621 425 3688 lbid.
447 3622 468 3707 d
491 3623 524 3687 5:
559 3621 725 3697 Quodis
756 3640 840 3689 curn
870 3623 1063 3690 Culleone
1091 3621 1243 3688 scribis
1272 3622 1324 3687 de*

248 3727 468 3813 privilegio
491 3728 687 3809 locutum,
710 3730 773 3794 est
794 3728 968 3813 aliquid,
999 3727 1067 3795 sed
1098 3729 1225 3794 multo
1255 3728 1318 3795 est

244 3835 395 3900 melius
427 3834 633 3918 abrogari;
666 3835 701 3901 si
728 3836 832 3901 enim
853 3854 964 3902 nemo
985 3834 1198 3918 impediet,
1222 3837 1316 3919 quid

248 3943 310 4007 est
330 3941 517 4005 firmius?
541 3939 611 4006 Sin
634 3941 732 4019 erit,
754 3943 821 4026 qni
842 3942 943 4007 ferri
965 3961 1039 4008 non
1062 3943 1188 4020 sinat,
1211 3942 1316 4009 idem

242 4048 620 4114 :senatusconsulto
643 4045 883 4114 intercedet.
918 4048 980 4115 Ubi
1003 4049 1226 4131 odilurparum
1244 4053 1317 4133 apta

242 4153 504 4240 interrogatione:
533 4154 628 4238 quid
658 4156 718 4220 est
747 4155 925 4236 firmius,
955 4157 987 4220 in
1009 4155 1044 4220 M
1072 4155 1234 4222 scribitur:
1257 4155 1317 4221 sio
