3008 4650
603 306 790 361 Miscellanea.
1149 309 1189 371 83

162 501 280 586 φωρᾶν
312 501 368 570 καί
402 502 566 570 πλείστου
598 499 682 571 ὅσου
711 496 890 591 α’γσριίζειν
920 492 968 571 οἷν
997 508 1145 592 ἕχρηζσν,
1176 507 1231 574 καί

162 605 219 676 δισί
242 609 345 678 τοῦτο
366 602 449 696 μηδ’
472 603 621 697 ω’νητιοῖν
643 617 703 678 ἔτι.
755 610 954 694 Respondent
980 611 1062 676 inter
1088 629 1121 677 se
1141 605 1230 698 μήτε

163 719 195 782 et
218 718 285 784 ιιοί.
341 717 530 785 Omittendae
563 715 737 802 negationis
768 735 859 784 causa
890 717 950 784 luit
982 717 1161 801 syllabam
1182 721 1231 787 bie

159 823 264 907 posita
283 821 380 900 (ὥστε
401 817 514 911 μήτε).

260 1000 372 1076 XLIX,
395 1000 436 1062 34
458 999 510 1078 (de
532 1000 651 1065 Oaesare
666 999 782 1065 milites
796 999 1024 1066 tumultuantes
1040 1005 1228 1080 coercente):

161 1109 234 1177 ἐπεί
258 1109 291 1175 aa
314 1108 370 1174 καί
395 1100 440 1180 αἳς
465 1099 712 1192 ἐθρασύνοντο,
735 1106 813 1196 δίνῃ
834 1100 932 1181 τινιίς
958 1099 1074 1173 ου’τῶν
1096 1107 1229 1175 ἔδωκεν.

159 1214 268 1294 Nemo,
292 1217 442 1296 quantum
473 1214 547 1290 seio,
580 1213 686 1281 Graece
716 1213 792 1279 dixit
821 1214 898 1302 δίκῃ
926 1207 1006 1281 τινοί
1036 1209 1169 1282 διδόναι
1195 1200 1230 1283 ae

160 1341 198 1386 ne
231 1321 339 1387 Latine
372 1320 511 1404 quidem,
530 1340 625 1403 poenae
657 1321 792 1404 aliquem
825 1322 906 1396 dere,
946 1322 1005 1387 etsi
1037 1340 1123 1387 noxae
1154 1323 1227 1389 dare

160 1427 314 1493 constanti
337 1447 395 1492 usu
417 1426 541 1493 (licitur.
591 1419 764 1509 Scripserat
792 1427 858 1493 sine
880 1426 973 1494 dubio
997 1429 1070 1495 Dio:
1102 1429 1229 1515 δίκην

160 1538 279 1608 τινὲς
310 1528 425 1601 αὐτῶν
458 1534 618 1601 ἔδωκαν
651 1545 735 1609 (nam
764 1533 892 1600 ἔδωκαν
920 1553 975 1617 pro
1004 1535 1125 1602 ἕιίοοαν
1147 1536 1229 1618 apud

161 1641 291 1706 Dionem
311 1640 389 1705 nihil
410 1642 504 1708 habet
527 1640 727 1717 offensionis).

259 1805 340 1878 LIX,
364 1807 382 1866 7
407 1806 456 1883 (de
478 1804 559 1870 ludis
581 1825 599 1870 a
621 1783 698 1872 Gaio
722 1806 841 1870 Caesare
861 1806 893 1870 in
909 1803 1079 1870 dedicando
1091 1805 1228 1890 Augusti

160 1912 358 1978 monumento
387 1911 508 1987 sactis):
537 1912 591 1977 nol
622 1918 724 1978 ἵπποι
753 1904 814 1979 δύο
837 1905 980 1997 ἡμέραις
1001 1903 1228 1999 ἠγωνίσαντο,

159 2021 201 2110 τῇ
233 2021 300 2106 μὲν
331 2023 479 2107 προτέρᾳ
511 2013 691 2096 εἰκοσάκις,
721 2019 765 2109 τῇ
794 2012 824 2085 δ’
852 2014 975 2107 ιίστίρᾳ
997 2020 1052 2087 καί
1074 2011 1229 2104 τετροίκις

160 2120 215 2194 δαί
248 2121 288 2194 τό
321 2123 363 2194 τοί
396 2128 558 2215 γενέθλια
588 2120 696 2193 αὐτοῦ
724 2122 790 2212 τήν
819 2120 951 2211 ἡμέραν
977 2125 1109 2212 ἐκείνην
1131 2126 1227 2197 εἶναι.

159 2233 303 2299 Erratum
338 2252 405 2300 esse
437 2233 469 2300 in
504 2253 630 2300 numero
664 2235 761 2301 altero
793 2235 855 2299 iarn
878 2232 1033 2299 intellexit
1055 2233 1227 2312 Reimarus,

160 2345 211 2405 sed
237 2338 481 2406 emendationem
505 2360 564 2406 non
581 2343 726 2425 repperit.
761 2338 977 2406 Scribendum:
999 2341 1043 2428 τῇ
1059 2332 1090 2406 δ’
1105 2333 1227 2430 ὑστέρα

161 2448 215 2515 καί
238 2442 648 2534 τοσσαρακοντοίκις.

261 2637 342 2713 LXI,
364 2640 383 2701 8
407 2639 459 2714 (de
480 2640 579 2704 turbis
600 2639 632 2703 in
654 2638 777 2704 theatro
797 2639 895 2721 primo
911 2636 1044 2702 Neronis
1061 2639 1227 2723 temporel:

159 2748 192 2810 οἱ
212 2737 277 2832 νοίρ
299 2770 351 2811 τοι
375 2747 454 2831 περί
482 2741 548 2830 τήν
575 2737 764 2833 ὀρχήστραν
793 2745 848 2811 καί
878 2743 957 2829 περὶ
987 2735 1069 2816 τοτίς
1097 2749 1228 2818 ἵππους

160 2858 291 2938 ἔχοντες
313 2847 392 2918 οὔτε
414 2852 484 2918 τῶν
513 2853 725 2939 στρατιωτῶν
751 2846 831 2918 οὔτε
852 2849 920 2917 τοῖν
941 2842 1084 2918 undana
1106 2842 1228 2946 ἐφρόν-

158 2961 260 3038 τιζον.
304 2951 383 3023 Mire
404 2976 474 3024 oum
496 2959 671 3025 oonsulibus
693 2957 810 3024 milites
833 2957 1076 3042 coniunguntur3
1105 2974 1178 3021 nam
1200 2957 1228 3022 si

158 3064 228 3147 quis
249 3064 408 3129 cohortem
427 3065 602 3148 pratariam
617 3065 737 3131 theatro
754 3064 941 3132 assidentem
957 3061 1132 3145 intelligere
1146 3061 1224 3138 vult,

158 3170 187 3234 ei
208 3168 351 3235 tribunus
373 3175 594 3254 praeratum
616 3172 766 3251 eonsules,
788 3190 887 3255 neque
909 3170 1064 3236 senatores
1087 3170 1119 3233 et
1139 3169 1227 3251 equi·

157 3279 204 3341 tes
226 3276 394 3356 coercebat,
417 3279 472 3342 sed
492 3277 625 3360 plebem.
648 3276 865 3345 scribendum:
887 3274 966 3343 οὔτε
988 3275 1057 3341 τῶν
1079 3299 1227 3358 στρατ-

158 3381 269 3468 ηγῶν
302 3378 381 3449 οὔτε
414 3383 483 3450 τῶν
510 3377 653 3452 τίπσίτων
674 3377 881 3470 ἐφρόντιζον.
937 3380 998 3448 Sed
1031 3398 1090 3447 non
1123 3381 1227 3444 minus

157 3489 236 3554 mire
268 3493 301 3554 ol
334 3489 412 3574 περὶ
445 3485 510 3576 τήν
546 3483 737 3578 ὀρχήστραν
768 3491 825 3558 καί
863 3489 942 3574 περί
978 3481 1061 3560 τούς
1096 3493 1226 3558 ἵππους

159 3604 292 3684 ἔχοντες
323 3596 476 3674 dicuntur,
509 3598 546 3662 nt
576 3597 790 3682 intelligantur
822 3600 978 3662 senatores
1010 3595 1042 3658 in
1071 3592 1226 3657 orchestra

158 3706 191 3770 et
205 3702 324 3788 equites
339 3703 371 3767 in
386 3703 632 3786 quattuordecim
649 3702 805 3770 subselliis
821 3701 972 3766 sedentes.
1005 3697 1224 3765 scribendum:

157 3812 213 3877 καί
247 3810 325 3897 περί
359 3805 442 3883 τους
474 3813 629 3885 ἱππεῖς
662 3816 802 3898 ἔχοντες.
839 3806 949 3886 (Paulo
972 3807 1044 3871 ante
1071 3824 1097 3870 e.
1120 3805 1150 3882 7,
1172 3803 1225 3869 nbi

157 3915 273 3983 editur:
297 3919 328 3982 εἰ
350 3917 405 3982 καί
423 3916 571 4004 μετρίως
593 3941 666 3991 πως
688 3909 863 4003 διάγοντος
879 3905 966 3980 ατίτοί
985 3917 1224 3997 πτρισωθοῑεν,

156 4022 353 4089 scribendum
376 4017 592 4102 asterisci.)

988 4125 1025 4192 6*
