3008 4654
306 277 367 340 m
669 279 922 352 mmmm

364 477 442 544 lbid.
456 477 509 552 IV,
524 481 579 542 lt:
603 477 833 562 Statimque
849 477 979 556 (Brinno
996 477 1055 542 dur
1068 474 1330 553 Canninefatium)

265 584 414 651 noritis
443 584 591 650 Frisiis
614 586 927 661 (transrhenana
948 601 1045 667 gens
1068 585 1142 658 est)
1165 582 1329 647 duarum

264 691 491 757 cohortium
528 689 699 757 hiberna
735 691 913 774 proxima
947 692 1143 773 oooupata
1175 688 1330 758 Ooeono

263 799 467 880 irrumpit.
517 797 646 864 Frusino
674 789 812 862 ¹editores
841 797 957 880 aliique
985 795 1122 861 hominos
1151 797 1235 862 dooti
1257 813 1330 862 oon·

263 903 389 970 ioeturis
413 902 507 969 etiam
530 904 608 970 setis
629 903 775 970 violentis
800 903 988 969 sententiam
1002 901 1193 968 tolerabilem
1210 905 1329 969 retento

263 1013 459 1093 ooeupata
487 1012 542 1076 aut
565 1009 626 1075 ulia
648 1010 714 1076 eius
737 1011 821 1075 verbi
844 1011 946 1076 efflata
967 1011 1065 1075 forma
1087 1009 1207 1075 effiooro
1229 1011 1330 1076 oonati

249 1118 344 1204 sunt,
366 1115 427 1181 nioi
448 1116 498 1183 oni
520 1116 598 1182 forte
620 1115 731 1199 placor,
754 1117 835 1200 qnod
857 1137 875 1182 a
896 1115 1147 1182 Woimenbornio
1168 1118 1327 1198 sumptum

262 1224 407 1288 Halmius
422 1223 529 1301 edidit
546 1223 714 1288 hiberna
736 1225 906 1305 proxima
927 1227 1165 1305 oooupatum
1182 1222 1328 1288 Oooano

261 1330 470 1412 irrumpit,
493 1327 559 1395 sino
578 1331 758 1412 proxima
781 1329 935 1397 Ooeono
958 1329 1101 1414 ooniungi
1124 1327 1228 1408 votuit
1244 1347 1328 1412 pror·

261 1455 313 1502 sus
334 1435 471 1501 mirifice·
484 1436 665 1518 interposito
695 1437 813 1518 supino,
847 1436 912 1502 rire
945 1436 1101 1503 Ooeano
1132 1436 1327 1518 irrumpit

260 1547 496 1626 ooonpatnm
530 1543 716 1622 hiberna,
745 1542 817 1609 toto
849 1543 1013 1608 Brinnonis
1043 1547 1075 1609 et
1096 1543 1326 1609 transrhenanos

260 1651 362 1735 gentis
388 1669 442 1732 per
468 1650 624 1717 Oceanum
656 1652 799 1730 adventu,
829 1652 865 1715 ut
892 1651 987 1715 simul
1013 1669 1067 1732 pro
1098 1667 1143 1727 eo,
1174 1650 1255 1734 qnod
1279 1654 1328 1716 est

258 1757 483 1841 irrumpere
505 1757 833 1832 hiberna,‘dioetur
854 1758 1078 1842 irrumpere
1100 1758 1327 1839 oooupatnm

259 1863 444 1943 hiberna,
474 1883 660 1949 quamquam
685 1864 813 1929 hiberna
835 1864 943 1930 Latine
965 1863 1134 1946 capiuntur,
1157 1881 1216 1928 non
1237 1883 1327 1930 ooou-

257 1973 369 2054 pantur
391 1971 451 2036 nisi
469 1969 768 2053 apraoveniontibus.
779 1971 812 2048 *)
849 1970 982 2037 Omnino
998 1969 1087 2036 nulla
1100 1967 1151 2036 hio
1168 1973 1326 2053 oooupatio

258 2077 457 2162 significatur,
486 2095 583 2161 neque
611 2076 751 2143 Oceanus
780 2079 1038 2144 commemoratur
1068 2075 1129 2141 nisi
1157 2077 1196 2142 od
1224 2077 1323 2143 iocum

257 2185 453 2250 hibernorum
476 2181 770 2260 demonstrandum
793 2204 829 2250 oa
849 2185 892 2250 ad
913 2201 997 2249 mare
1015 2186 1119 2259 erant;
1141 2183 1212 2248 inde
1231 2183 1326 2268 igitur

262 2289 390 2355 Romani
412 2292 444 2355 in
474 2292 659 2373 superiorem
688 2287 800 2357 insulae
830 2295 958 2375 partem,
990 2291 1023 2356 io
1056 2293 1113 2369 est,
1147 2289 1328 2356 orientalem

260 2397 381 2462 oodnnt.
426 2395 625 2462 scribendum
662 2398 774 2482 igitur:
812 2398 990 2482 proxime
1027 2393 1135 2465 looata
1170 2396 1327 2464 Ooeano

262 2503 464 2586 irrumpit.

360 2655 441 2723 ibid.
467 2658 520 2720 16:
554 2653 711 2724 direota
734 2675 776 2721 ex
799 2655 959 2722 diverso
981 2658 1089 2723 aoios
1111 2658 1216 2723 haud
1238 2677 1327 2742 pro-

260 2763 325 2829 oul
345 2782 363 2829 a
385 2762 557 2829 flumine
578 2757 714 2830 Rheno
737 2767 775 2828 et
797 2764 983 2844 obuersis
1011 2763 1051 2829 in
1082 2763 1239 2830 hostem
1261 2783 1328 2829 na-

259 2870 393 2947 ribus,
416 2889 513 2953 quas
535 2867 720 2935 incensis
742 2869 938 2936 rastellis
968 2869 1064 2936 illue
1087 2873 1324 2954 appulerant.

258 2977 381 3042 Pendet
416 2978 471 3054 et;
508 2977 613 3061 itaquo
647 2977 785 3043 Ritterus
816 2978 888 3059 post
927 2978 1172 3061 appulerant
1206 2975 1328 3044 addidit

258 3085 494 3167 pugnatum
525 3081 660 3148 Pichena
686 3082 954 3150 soribi'voluerat:
985 3081 1071 3149 aoie
1094 3131 1101 3146 .
1128 3131 1134 3146 .
1158 3087 1229 3150 .'et
1257 3086 1325 3150 ob·

258 3191 481 3264 vertisset,
514 3190 581 3256 haeo
612 3191 724 3266 omnia,
758 3207 826 3272 quae
858 3191 896 3256 ad
921 3206 1040 3276 'pugnae
1069 3177 1325 3273 praeparationem

259 3295 421 3379 pertinent,
445 3297 547 3363 minus
570 3299 729 3364 commodo
751 3297 941 3381 coniungens
964 3317 1033 3363 oum
1055 3299 1104 3375 iis,
1124 3305 1192 3381 quae
1208 3298 1245 3364 de
1260 3297 1327 3380 ipsa

257 3469 488 3480 --—-—-———

309 3565 335 3634 ²⁸)
353 3567 478 3636 Ignorant
507 3568 559 3623 hoo
586 3568 667 3624 rideo
695 3569 885 3638 aplerisqum
914 3584 1079 3639 occupare
1107 3563 1181 3640 apud
1208 3569 1324 3626 Latinos

340 3675 504 3728 numquam
524 3662 685 3734 simpliciter
702 3676 752 3734 pro
772 3677 813 3731 eo,
839 3656 912 3731 quod
938 3668 981 3718 eet
999 3677 1133 3733 cupere,
1154 3661 1272 3733 potiri,
1291 3663 1324 3718 de

354 3753 424 3823 loco,
451 3755 527 3826 urbe,
554 3755 653 3812 castris
681 3755 743 3825 moi,
770 3755 824 3811 nisi
850 3754 980 3812 adiuncta
998 3755 1195 3826 significatione
1213 3773 1319 3826 proeve-

354 3849 448 3904 niondi
475 3857 525 3906 aut
549 3847 604 3906 late
631 3847 742 3908 tenendi
769 3856 797 3905 et
826 3847 907 3904 alios-
929 3848 1099 3906 excludendi.
1150 3849 1203 3918 Qtri
1231 3850 1324 3905 Gallos

354 3943 463 3999 Brenno
483 3943 552 3998 duce
569 3943 685 3998 Romam
703 3957 858 4012 occupasse·
872 3943 1034 4012 narraverit,
1052 3941 1136 4014 prave
1154 3959 1205 3998 neo
1224 3943 1323 3999 Latine

355 4035 515 4105 narraverit,
533 4036 700 4106 nonninus,
719 4036 765 4106 qui
783 4035 916 4091 rictorem
932 4036 1087 4092 exereitum
1100 4043 1191 4093 eastra
1203 4036 1321 4092 hostium
1381 4065 1383 4070 ·

355 4143 512 4198 occupasse.
801 4139 804 4148 ’
