2974 4660
571 293 782 349 Demosthenes·
1127 291 1168 352 45

141 494 271 560 verbum
299 491 496 559 substituitur
526 485 687 556 cincinnio
715 496 798 567 (τοῖς
827 481 1022 574 όνιγλάταις)
1159 483 1209 573 μή

142 594 318 666 ἅπτεσθαι
342 625 372 664 κ.
396 625 424 664 τ.
455 601 494 679 λ.,
521 597 615 680 idque
646 615 745 660 errore
773 597 805 660 in
828 599 1015 678 superiorem
1035 595 1140 660 locum
1162 613 1211 660 re·

142 708 276 771 tractum
302 705 396 781 eat.*)

244 879 356 953 XLIII,
379 879 434 946 83:
466 870 548 963 μηδ’
582 882 782 962 ἐπιτρέψητε
810 871 944 951 τοάτοις
971 885 1058 965 ἔχειν
1089 875 1130 943 τά
1159 877 1210 962 μή

145 981 375 1071 προσήκοντα,
398 977 471 1051 o’tl’
487 978 679 1051 άντοδοάναι
697 978 906 1071 ἀναγκάσετε
923 990 971 1060 εἰς
985 979 1048 1052 τόν
1067 978 1212 1072 Ἁγνίου

145 1093 240 1161 οἷκον
273 1108 344 1168 τοῖς
376 1086 584 1178 προσήκουσι
617 1105 688 1164 τοῖς
720 1085 874 1179 Ἀγνίου.
935 1093 1006 1158 Non
1038 1090 1141 1175 agitur
1175 1090 1212 1156 (le

146 1199 238 1267 certis
272 1201 455 1283 quibusdam
488 1200 578 1265 rebus
610 1198 740 1282 Hagniae
772 1200 954 1284 patrimonio
984 1200 1016 1263 et
1046 1197 1210 1263 hereditat

145 1306 354 1380 restituendis,
390 1307 444 1372 sed
481 1307 519 1370 de
554 1306 621 1370 tota
656 1305 830 1372 hereditate
867 1305 998 1390 Hagniae
1033 1304 1212 1387 propinquis

146 1412 312 1480 reddenda.
369 1414 476 1496 ltaque
509 1412 679 1488 necessario
709 1413 902 1478 scribendum
925 1415 986 1477 est:
1019 1404 1212 1477 α’νισδοῦναι

147 1512 356 1609 α’ναγκάοετε
392 1514 454 1585 τάν
488 1511 633 1606 Ἁγνίου
666 1518 761 1585 οἶκον
793 1532 865 1592 τοῖς
897 1511 1106 1603 προσήκουσι
1141 1531 1213 1591 τοῖς

145 1623 299 1715 Ἁγνίου.

249 1778 361 1857 XLIV,
385 1780 441 1842 59:
466 1785 513 1844 ἔτι
537 1779 656 1843 τοίνυν
679 1779 734 1843 ἐπὶ
750 1772 788 1843 τά
805 1778 873 1843 τῶν
889 1771 1213 1861 διαμαρτυρούντων

144 1890 249 1975 μέρος
279 1882 359 1952 οάτε
392 1878 589 1970 δικαστήρια
622 1876 667 1971 ἦν
696 1879 741 1952 oio
773 1881 851 1951 οὔτε
876 1878 1005 1968 άγάνες
1027 1885 1214 1972 ἐγίγνοντο·

147 1987 266 2061 νωλάει
300 1987 365 2079 γάρ
399 1988 513 2058 πάντα
542 1993 650 2058 ταῦτα
680 1987 718 2058 τά
751 1992 820 2057 τάν
843 1991 1097 2076 διαμαρτυριῶν
1118 1993 1215 2078 γένος

148 2129 176 2166 κ.
200 2127 229 2168 τ.
254 2103 283 2166 λ.
301 2127 304 2130 ·
328 2099 491 2165 Sententia
511 2099 671 2182 perspicue
693 2098 759 2164 haec
781 2100 837 2174 est,
861 2099 887 2164 si
901 2118 956 2181 por
970 2094 1051 2174 τσάς
1067 2084 1214 2184 διαμαρὲ

146 2208 338 2293 τυρσὺντας
371 2206 476 2285 staret,
510 2207 593 2271 nulla
625 2205 749 2278 iudicia,
782 2205 881 2271 nullas
914 2205 987 2271 lites
1009 2208 1135 2273 suturas.
1179 2204 1215 2268 Id

149 2317 256 2382 Graeoe
293 2314 420 2379 dieitur:
458 2319 507 2378 ἔτι
544 2312 674 2386 τοίνυν,
712 2306 750 2377 τά
788 2314 855 2378 τῶν
892 2306 1216 2399 διαμαρτυρούντων

147 2427 262 2506 μέρος,
294 2416 373 2486 σάτα
404 2413 601 2506 δικαστήρια
631 2408 677 2503 ἦν
706 2412 751 2484 oia
779 2412 1009 2506 οάκεάγωνες
1031 2420 1215 2507 ἐγίγνοντο.

148 2527 328 2611 Praepositio
361 2526 418 2592 ἐντί
450 2527 482 2590 in
515 2527 573 2592 hoc
605 2525 750 2610 loquendi
780 2544 891 2610 genere
913 2525 1087 2592 accusativo
1110 2521 1216 2588 addita

148 2653 248 2718 neque
279 2634 416 2716 exemplo
449 2633 512 2699 ullo
545 2632 718 2699 defenditur
753 2649 853 2713 neque
886 2632 950 2697 ulla
981 2627 1217 2716 significationis

150 2740 304 2825 analogia.
347 2741 389 2806 ut
409 2740 513 2805 tamen
536 2740 601 2805 eiua
623 2738 771 2804 addendae
793 2756 884 2802 causa
903 2737 963 2803 fnit
978 2736 1128 2822 ignoratio
1144 2751 1217 2799 nous

153 2848 380 2930 perfrequentis
416 2845 548 2911 nominis
586 2839 624 2910 νδ
663 2851 782 2919 (τινος)
817 2850 928 2929 μέρος,
975 2845 1142 2927 „quantum
1179 2839 1217 2904 ad

80 2999 87 3012 ·
151 2953 289 3037 aliquem
311 2953 432 3031 attinet,
456 2952 537 3034 quod
559 2970 613 3036 por
634 2970 705 3017 eum
727 2951 820 3016 atat“.
865 2950 931 3032 [Sic
954 2950 1015 3015 iam
1038 2948 1197 3026 debetne]

255 3127 332 3194 lbid.
346 3127 402 3192 66:
419 3127 554 3201 δικαίως
568 3123 634 3214 γάρ
651 3121 670 3193 o‘
685 3131 893 3213 νομοθέτης,
910 3125 1018 3211 οἶμαι,
1036 3121 1148 3208 άοτιερ
1164 3123 1218 3188 καὶ

148 3225 213 3308 τάς
235 3227 375 3321 άτυχιάς
396 3236 465 3301 τάν
486 3235 620 3302 οἰκείων
643 3234 698 3300 καὶ
721 3230 784 3308 τάς
803 3229 951 3308 ἐκδόσεις
966 3234 1033 3300 τάν
1049 3230 1219 3318 γυναικῶν

149 3356 223 3416 τοῖς
235 3337 406 3429 ἐγγυτάτω
417 3346 536 3428 γένους
555 3347 759 3426 προσέταττε
776 3349 968 3418 ποιεῖσθαι,
988 3338 1074 3406 οὕτω
1091 3341 1146 3406 καὶ
1160 3335 1221 3412 τάς

204 3578 231 3646 *)
251 3575 327 3632 Orat.
345 3576 395 3630 XL
413 3575 429 3646 ᾗ
448 3575 466 3630 9
483 3581 512 3632 et
529 3576 564 3630 1o
581 3589 695 3645 promus
714 3574 874 3630 incredibile
897 3573 1012 3643 fingitur
1035 3572 1221 3628 anacoluthon

253 3670 283 3725 in
311 3669 447 3736 sententia
475 3667 557 3723 facile
591 3667 754 3723 decurrenti.
807 3668 907 3723 Utrum
936 3673 1028 3721 tamen
1060 3664 1221 3734 simpliciter

251 3761 375 3817 tollenda
418 3761 473 3818 sint
502 3761 586 3816 verba
615 3759 680 3829 μεθ’
707 3751 746 3814 ὧν
776 3751 859 3823 οὗτος
890 3764 918 3814 et
956 3757 1054 3815 deinde
1091 3756 1123 3812 δέ
1158 3763 1222 3828 post

252 3854 386 3922 συνόδων,
413 3860 445 3908 ut
472 3854 512 3910 sic
539 3853 687 3909 scribatur:
716 3851 811 3923 ἐπειδὴ
837 3850 862 3907 δ’
887 3849 981 3908 οὑτοσὶ
1005 3890 1120 3908 .....
1144 3846 1221 3919 ἑλών,

255 3946 396 4014 ἐδικάζετό
414 3967 469 4016 μου
487 3950 526 4021 τῷ
545 3947 630 4017 πατρὶ
649 3946 766 4016 φάσκων
783 3945 844 4010 υἱὸς
863 3941 934 4000 εἶναι
953 3944 1068 4008 ἐκείνου,
1089 3939 1220 3999 συνόδων

253 4040 421 4110 γιγνομένων
444 4043 554 4096 πολλῶν
578 4061 603 4095 κ.
622 4060 645 4094 τ.
665 4045 697 4109 i..,
727 4057 762 4097 au
790 4039 925 4100 occultius
955 4037 1067 4108 aliquod
1096 4037 1222 4094 mendum

254 4133 350 4201 subsit,
367 4149 423 4190 nou
441 4132 551 4190 definio.
