3008 4650
282 283 323 345 94
656 281 716 337 nro.
736 282 771 336 11.
792 283 856 351 cap.
876 283 890 336 1

240 480 401 546 sententiae
423 482 546 548 vinculo
568 501 637 547 cum
659 481 709 548 his
731 482 963 567 coniungantur,
994 499 1062 564 quae
1084 480 1309 547 subiiciunour:
1336 565 1341 573 Ι

241 588 281 651 at
302 587 377 653 alii
399 590 457 655 cet.
496 588 663 655 Sententiae
685 589 730 654 sic
751 588 928 671 separanda
949 587 1107 672 oratioque
1129 587 1308 653 unalittera

242 693 384 759 detracta
406 695 451 760 sic
473 695 634 762 scribenda
657 697 713 770 est,
742 697 777 760 ut
798 695 870 761 ficto
893 695 930 759 do
952 695 1018 778 ipso
1041 693 1149 759 Crasso
1172 695 1311 776 exemplo

241 799 441 882 ostendatur,
472 801 609 868 discendi
638 802 774 867 studium
797 820 852 884 per
873 821 906 866 ee
929 800 1164 866 delectationem
1186 800 1307 878 habere,

241 908 364 974 etiamsi
394 927 473 983 earn,
504 925 597 990 quam
625 907 711 982 velis,
740 908 816 972 artis
845 925 996 971 summam
1026 925 1084 971 non
1106 925 1309 991 consequare:

239 1013 360 1079 bibet
393 1015 525 1079 antem
558 1031 713 1095 semper
746 1012 914 1079 discere.
965 1013 1015 1078 Ut
1043 1013 1145 1094 (velut
1176 1015 1307 1096 exempli

240 1121 346 1205 causa)
370 1122 404 1185 si
426 1120 549 1185 velim
571 1138 641 1203 ego
664 1119 764 1184 tolie
786 1119 936 1201 optime
963 1117 1105 1185 ludere
1133 1120 1203 1185 aut
1229 1119 1309 1205 olla,

240 1227 376 1320 studio
412 1228 552 1291 tenear
584 1226 706 1291 otiam
739 1225 935 1300 fortasse,
968 1226 1002 1290 si
1035 1227 1197 1308 assequi
1231 1247 1305 1292 non

239 1335 406 1417 poseium
440 1335 480 1398 at
512 1332 587 1398 alii
621 1335 677 1398 cet.
723 1333 790 1413 [Sic
821 1332 884 1397 iam
916 1331 1109 1408 Schuetnius,
1142 1334 1190 1399 oni
1218 1352 1309 1398 nemo

239 1439 403 1504 obsecutus
426 1441 498 1518 ost]

213 1633 217 1639 ‚
338 1556 872 1624 lbio.1or:bevirtuoeenim
888 1604 999 1620 ......
1016 1554 1307 1640 similibusque

240 1663 284 1729 de
317 1664 435 1729 robus
463 1663 501 1728 in
531 1663 740 1748 utramque
771 1666 924 1748 partem
959 1663 1121 1729 dicendi
1153 1665 1308 1729 animos

240 1777 278 1835 et
310 1769 388 1834 vim
419 1773 458 1835 et
487 1771 613 1835 artem
642 1770 788 1837 habero
812 1770 1008 1835 debemus.
1062 1770 1131 1835 Etsi
1154 1770 1309 1836 animos

238 1875 394 1941 interdum
416 1876 460 1942 sic
482 1875 545 1942 dici
567 1878 762 1942 notissimum
784 1881 840 1952 est,
869 1879 906 1942 nt
927 1876 1019 1942 elatio
1047 1875 1187 1959 quaedam
1211 1875 1308 1941 animi

240 1983 272 2046 et
302 1981 451 2047 fortitudo
483 1982 688 2065 significetur,
721 2001 811 2048 nemo
843 1984 946 2049 tamen
977 2001 1124 2067 umquam
1155 1981 1309 2047 animos

239 2088 385 2154 babere
423 2088 582 2171 aliquid
614 2089 794 2154 faciendi
822 2108 876 2173 pro
901 2108 946 2168 oo,
977 2089 1055 2173 quod
1079 2091 1127 2155 est
1147 2087 1307 2172 aliquid

240 2195 372 2259 faeere
394 2194 556 2277 andere,
578 2195 665 2259 dixit.
699 2196 765 2260 Hoc
787 2196 911 2279 quidem
934 2196 1001 2263 loco
1017 2195 1205 2261 alienissima
1219 2197 1258 2260 ab
1274 2215 1309 2261 re
1338 2187 1343 2200 '

238 2300 292 2366 illa
315 2299 499 2385 significatio
520 2302 584 2378 est;
617 2303 720 2385 agitur
741 2302 823 2368 enim
847 2304 884 2368 de
906 2303 973 2369 sola
994 2302 1143 2368 facultate
1166 2303 1305 2368 oratoris.

239 2407 308 2474 Uno
329 2408 434 2473 littera
455 2407 569 2474 uocalis
591 2409 712 2474 mutata
734 2411 921 2476 sententiam
943 2427 1046 2475 veram
1077 2409 1236 2476 restituet:
1265 2409 1304 2474 iu

239 2517 447 2599 utramque
484 2516 639 2598 partem
675 2514 813 2582 duocndi
850 2518 1012 2581 animos.
1070 2515 1105 2580 In
1143 2515 1308 2599 utramque

238 2624 359 2706 partem
389 2623 508 2688 animos
537 2621 713 2688 auditorum
740 2641 930 2689 commovero
960 2623 1064 2688 orator
1093 2622 1306 2704 possedebat.

238 2734 334 2808 (Ante
367 2730 483 2795 multos
515 2728 578 2794 iam
610 2749 706 2795 annos
727 2728 897 2795 ‚Walchiue
930 2728 1100 2794 dicendo
1133 2728 1306 2793 ducendi

239 2839 391 2902 animos
414 2835 505 2902 scribi
527 2835 680 2914 voluerat;
713 2837 885 2915 verebatur,
909 2836 1025 2920 opinor,
1060 2854 1098 2900 ne
1121 2834 1214 2900 nimis
1234 2836 1307 2901 bre-

237 2944 316 3008 uiter
340 2941 399 3006 dioi
422 2941 579 3007 videretur
603 2941 647 3006 de
674 2945 829 3008 virtuto
857 2944 895 3007 in
918 2943 1305 3024 utramquepartem

239 3049 384 3114 ducere
413 3047 582 3125 animos;
612 3048 665 3113 sed
697 3067 783 3131 paene
812 3048 952 3114 absolute
981 3068 1036 3130 per
1057 3046 1304 3132 praepositionem

238 3155 283 3220 do
316 3152 592 3237 [quemadmodum
623 3154 774 3220 declaravi
808 3154 846 3219 ad
880 3155 942 3220 Cic.
973 3155 1011 3219 de
1041 3154 1129 3219 Finu.
1160 3153 1217 3233 ΙΙΙ,
1251 3154 1307 3230 571

239 3262 455 3326 enumerantur
487 3278 532 3334 ea,
566 3260 599 3325 in
632 3259 742 3343 quibus
773 3261 941 3327 tractandis
971 3279 1020 3325 ars
1048 3259 1104 3324 illa
1124 3257 1157 3323 in
1187 3259 1223 3323 ut
1290 3293 1307 3306 -

238 3386 296 3450 que
319 3368 437 3450 partem
460 3366 580 3432 animos
602 3365 731 3432 ducendi
754 3369 915 3442 versetur.)

336 3474 414 3540 lbid.
441 3473 516 3535 161:
540 3473 634 3538 Nam
657 3473 811 3538 stodor
832 3471 1087 3538 urbanitatis
1109 3474 1148 3536 et
1169 3470 1306 3536 molli·
1404 3507 1406 3510 -

238 3580 331 3645 tudo
361 3578 634 3645 humanitatis
664 3583 703 3645 et
732 3596 906 3644 murmur
928 3579 1050 3643 maris
1073 3578 1111 3642 et
1136 3576 1307 3642 dulcedo

237 3684 438 3752 orationis
471 3688 564 3752 sunt
596 3686 716 3752 ducta
752 3703 770 3750 a
805 3685 956 3750 ceteris
989 3685 1192 3759 sensibus3
1229 3682 1307 3770 illa
1364 3739 1367 3742 .

238 3811 330 3858 vero
353 3794 558 3858 oculorum
581 3792 706 3857 multo
727 3789 902 3866 acriora,
926 3809 1008 3874 quae
1030 3792 1305 3873 ponuntpaene

236 3899 275 3963 in
298 3899 517 3982 conspectu
539 3897 678 3976 animi,
707 3915 788 3980 qnae
818 3915 979 3962 cernere
1012 3900 1051 3962 et
1071 3897 1210 3962 videre
1232 3915 1305 3960 non

237 4023 458 4087 possumus.
513 4003 640 4069 Sublato
672 4001 892 4077 oculorum,
925 4003 1006 4086 qnod
1033 4022 1069 4068 en
1097 4001 1305 4085 superioribus

166 4115 169 4122 ’
237 4109 418 4186 (maxime
451 4108 671 4188 oculorum,
705 4107 773 4190 qui
805 4110 867 4173 est
899 4126 1040 4174 sensns
1069 4108 1305 4186 acerrimus)
