3008 4654
609 306 714 400 Plinius
726 309 827 366 minor.
1154 307 1212 372 221

287 503 365 568 lhid.
396 504 454 569 65:
484 523 597 587 quam
628 506 790 589 dignum
820 506 859 570 te
889 523 1082 588 quamque
1116 502 1255 568 diuer-

183 628 268 684 sum
293 611 586 677 consuetudine
611 611 789 687 illorum,
813 611 880 694 qui
901 611 1089 695 pauculis
1111 610 1255 676 diebus

183 718 343 800 gestum
366 717 638 795 consulatum,
660 718 775 784 immo
798 737 873 784 non
896 718 1053 800 gestum
1075 717 1255 784 abiicie-

185 824 283 889 lrunt
311 843 378 906 per
408 824 600 889 edictum!
648 825 788 890 Debebat
817 823 990 906 praepositio
1013 823 1086 889 addi
1107 831 1139 901 (a
1161 843 1254 890 oon·

183 930 429 1009 suetudine),
453 933 511 996 nisi
534 932 696 1013 appareret
712 930 849 996 Plinium
872 934 1029 1013 poetarum
1057 933 1089 995 et
1109 931 1141 996 in
1164 948 1254 1014 prosa

183 1036 322 1102 oratione
338 1038 428 1104 huius
443 1039 543 1104 aetatis
564 1056 654 1102 usum
668 1039 847 1122 sequentem
863 1037 1036 1120 scripsisse:
1059 1037 1254 1102 diversum

182 1142 412 1213 consuetudini
441 1145 616 1210 illorum.
670 1145 764 1210 Error
796 1143 912 1210 lacilior
943 1145 1011 1210 erat
1042 1143 1072 1208 in
1107 1161 1263 1216 concursu¹

184 1250 317 1332 duplicis
340 1252 451 1316 litterae
473 1252 483 1315 i
505 1255 537 1316 et
558 1250 629 1315 inde
653 1251 779 1316 alterius
802 1250 936 1316 elisione.
980 1249 1045 1330 [Sic
1060 1249 1119 1315 duo
1134 1251 1253 1316 codices

183 1357 266 1439 apud
289 1356 519 1438 Schwarzium.]

284 1463 362 1529 Ibid.
387 1465 443 1530 73:
479 1465 577 1544 Quis
609 1468 704 1530 tunc
737 1483 809 1529 non
840 1481 856 1528 e
885 1463 1066 1542 vestigio
1094 1481 1162 1548 suo
1185 1482 1252 1528 eu·

182 1570 328 1636 siluit?
365 1571 462 1651 Quis
485 1571 706 1637 exsiluisse
729 1571 883 1636 sensit?
920 1569 1123 1636 Scribendum
1145 1587 1252 1634 nsces-

181 1677 264 1742 sario
286 1678 449 1761 geminatis
472 1678 590 1744 duabus
615 1677 747 1744 litteris:
771 1676 868 1755 Quis
890 1679 1008 1759 <so>
1031 1675 1250 1741 exsiluisse

182 1785 338 1848 sensit?
382 1784 542 1869 Sequitur:
581 1784 709 1850 Multa
740 1784 909 1848 fecimus
941 1784 1101 1866 sponte,
1136 1782 1251 1865 plura

162 1891 387 1956 ‘instinctu
422 1891 589 1974 quodam
623 1896 662 1955 et
693 1889 873 1974 imperio.
916 1889 1006 1954 Nihil
1027 1907 1061 1955 se
1082 1893 1114 1955 st
1135 1891 1250 1956 cetoros

181 1997 353 2063 deliberato
386 1989 512 2064 oonsilio
543 2000 650 2065 iecisse
684 1998 804 2063 Plinius
834 1997 998 2081 signifieat.
1052 1996 1149 2062 Paulo
1180 1998 1251 2062 ante

181 2103 228 2169 sio
251 2105 342 2169 rerba
362 2103 624 2189 interpungenda:
647 2105 784 2171 Testis
808 2106 894 2188 ipse
916 2124 965 2171 es.
997 2105 1086 2184 Quae
1106 2103 1145 2168 in
1169 2123 1247 2170 oru-

181 2209 291 2274 nium
314 2230 378 2276 ore
401 2211 567 2278 laetitia!
611 2214 640 2278 N
651 2233 696 2278 on
719 2213 892 2279 amictus
914 2213 972 2278 cet.
1024 2211 1171 2294 Alioquin
1194 2210 1250 2275 ad-

180 2317 318 2384 dendum
341 2321 424 2384 esset
446 2321 575 2385 fuerit
596 2321 667 2402 post
688 2319 848 2384 laetitia.

282 2425 1251 2509 Iuro.772uosaooaequumest‚lnocumoe,te1·is

181 2534 376 2612 praestare
399 2533 638 2598 consulibus
659 2532 809 2615 ipsum.
833 2533 899 2614 qui
922 2533 1109 2598 consules
1131 2530 1249 2607 sacru

180 2639 329 2720 quippe
363 2639 484 2704 etiam
518 2641 681 2705 fortuna
713 2637 931 2703 videbatur
959 2637 1185 2722 indignum,
1217 2639 1250 2703 si

182 2745 1120 2830 possethonoresdare,quigererenonposset.
1139 2743 1251 2810 Nullus

180 2852 230 2915 est
252 2851 400 2933 praeteriti
420 2853 567 2935 temporis
591 2852 804 2937 significationi
826 2853 925 2928 locus;
949 2853 986 2917 ad
1008 2851 1250 2917 condicionalem

179 2956 352 3022 orationem
374 2960 598 3026 accommodari
620 2979 679 3025 non
703 2961 805 3043 potest
828 2959 1044 3024 videbatur
1065 2977 1121 3041 pro
1143 2960 1262 3024 vide.

182 3065 311 3141 retur;
346 3067 539 3132 scribendum
572 3068 693 3132 sublato
727 3066 974 3149 frequentissimo
1005 3067 1037 3131 in
1071 3066 1128 3132 lroc
1157 3067 1249 3132 verbo

179 3173 310 3236 mendo:
341 3173 485 3255 qnippe
516 3174 639 3239 etiam
665 3175 828 3238 lortunu
849 3172 1000 3240 videatur
1022 3173 1249 3257 iudignum,

180 3277 331 3363 sipossit
352 3280 523 3345 honores
546 3281 654 3358 dare,
677 3281 743 3364 qui
765 3298 904 3363 gerere
925 3299 999 3345 non
1021 3281 1131 3365 possit.
1154 3281 1196 3344 Et
1219 3281 1248 3346 in

181 3386 313 3467 possit
335 3387 456 3469 quidem
481 3376 609 3471 utroque
631 3386 695 3452 looo
715 3386 834 3452 codices
849 3387 1006 3463 adiuvant,
1023 3386 1120 3450 altero
1136 3388 1249 3467 plures.

283 3503 361 3569 ibid.
384 3506 441 3569 82:
476 3504 600 3570 Simul
632 3507 783 3592 cogito,
814 3525 897 3571 oum
926 3505 1010 3570 sint
1031 3506 1111 3569 ista
1134 3505 1251 3570 ludus

180 3609 220 3672 et
241 3615 544 3677 avocamentum
567 3611 684 3677 huius
706 3612 781 3675 ille
803 3614 908 3677 serie
930 3613 969 3676 et
990 3610 1150 3676 intente
1174 3615 1251 3676 eta

151 3711 326 3797 'quibus
350 3735 389 3782 se
411 3717 450 3782 in
474 3720 556 3783 tale
579 3718 703 3783 otium
727 3718 878 3801 recipit
899 3718 1134 3800 voluptates
1158 3719 1251 3782 sunt

181 3821 285 3886 enim
319 3823 574 3906 voluptates³
614 3826 758 3908 quibus
791 3827 940 3910 optime
977 3825 1021 3889 da
1057 3825 1251 3908 cuiusque

181 3931 406 4012 gravitate,
425 3932 669 4012 sanctitate,
692 3929 964 4014 temperantia
986 3930 1178 3996 creditur.
1202 3929 1251 3997 Sic

181 4034 311 4115 codices,
331 4038 389 4103 nisi
405 4038 485 4120 quod
502 4039 534 4104 iu
551 4039 752 4104 deterioribus
774 4039 891 4103 huius
915 4036 1070 4104 omittitur
1085 4038 1117 4102 et
1133 4038 1250 4104 minora

181 4142 324 4224 quaedam
353 4145 518 4210 variantur.
544 4129 728 4212 ¹Manifesta
760 4149 808 4210 est
839 4139 958 4211 lacuna.
1002 4145 1047 4208 Er
1081 4144 1120 4210 iis
1149 4146 1249 4223 rebus
