3008 4650
590 240 729 296 Ciceronis
749 241 858 296 Brutus.
1158 241 1216 304 103

179 439 286 504 tuerat
308 439 436 503 verbum
459 437 583 522 aliquod
613 457 666 522 per
695 457 727 504 se
756 440 821 504 sine
847 440 975 513 obiecto,
1001 438 1075 523 quid
1100 438 1130 503 iu
1154 439 1262 506 Panno

181 545 282 610 tuerit
304 545 472 620 {scultetis
495 545 663 611 declarans.
708 544 878 627 Scripserat
906 545 1024 611 Cicero:
1056 545 1181 610 facile
1203 562 1257 612 ae-

185 651 299 718 titavit
332 651 369 716 in
405 651 634 727 tribunatu,
656 650 816 733 paulum
839 651 871 718 C.
896 651 1116 718 Gracchum
1139 654 1256 718 aetate

186 757 433 822 antecedens
470 758 527 822 cet.
583 756 687 822 Facile
718 755 840 822 Pennus
874 777 943 823 cum
982 757 1072 839 plebe
1111 757 1257 824 actitasse

180 862 422 946 rtribuniciisque
445 863 616 930 actionibus
639 866 730 945 aptus
753 863 847 930 fuisse
869 863 1033 930 dicitur.*r

295 1004 374 1071 ruia.
400 1005 476 1069 ne:
510 1003 876 1087 naoamurgrsur
907 1004 945 1068 sn
978 1003 1135 1070 Stoicis
1168 1021 1259 1070 ora·

184 1112 349 1178 ‘toribus
372 1110 590 1185 Rutilium,
607 1109 796 1175 Scaurum
818 1109 857 1174 in
880 1110 1080 1193 antiquis;
1102 1112 1258 1176 utrum·

181 1237 261 1302 quc
283 1206 415 1283 tamen
439 1216 664 1294 laudemus,
691 1216 879 1300 quoniam
904 1217 1090 1298 perillus
1112 1217 1263 1283 nebaec

185 1324 348 1408 quidem
382 1324 420 1389 in
457 1323 631 1388 ciuitate
658 1341 806 1406 genera
834 1323 906 1388 bac
936 1322 1258 1388 oraturialaude

180 1433 415 1496 caruerunt.
466 1431 507 1494 lit
537 1429 690 1495 rhetorica
718 1429 866 1494 orationis
895 1428 993 1520 forma
1015 1432 1046 1494 et
1067 1429 1165 1513 ipsius
1187 1447 1257 1493 seu·
1321 1441 1325 1465 ¹·

186 1539 292 1603 tentiae
336 1556 442 1602 cursus
486 1541 518 1602 et
558 1536 731 1619 progressio
769 1535 917 1601 ostendit¹
941 1534 1134 1600 scribendum
1172 1553 1258 1600 esse:

186 1643 368 1710 Habeamus
390 1643 521 1727 igitur
540 1688 546 1705 .
564 1689 571 1703 .
588 1689 595 1704 .
612 1687 629 1712 .‚
647 1645 861 1723 utrumque
882 1641 1015 1705 tamen
1037 1640 1256 1708 laudamus.

183 1749 294 1833 Neque
327 1751 406 1814 enim
441 1751 601 1832 tamquam
637 1765 741 1813 verum
763 1747 886 1830 ponitur
914 1744 1068 1811 Rutilium
1090 1747 1123 1811 in
1145 1745 1258 1812 Stoicis

181 1857 359 1922 oratoribus
392 1856 565 1920 babendum
600 1873 676 1928 esse,
709 1871 839 1937 quorum
875 1853 999 1918 omnino
1036 1853 1154 1918 nullum
1191 1855 1258 1916 erat

184 1967 308 2028 certum
330 1981 426 2046 genus
450 1964 505 2025 aut
520 1962 648 2037 nomem
664 1960 719 2025 sed
734 1978 769 2025 ex
783 1959 832 2039 iis,
848 1979 917 2043 quaa
931 1959 1117 2043 precedunt,
1134 1977 1256 2024 summa

183 2071 231 2134 sic
253 2069 456 2146 cuncluditur,
480 2071 525 2146 ut,
549 2069 577 2133 si
598 2068 735 2133 Rutilius
758 2067 790 2132 et
811 2066 943 2132 Scaurus
965 2068 1100 2134 oratores
1122 2064 1257 2132 habendi

182 2175 260 2254 sint,
284 2175 364 2240 alter
386 2175 496 2241 Stoicis
519 2175 728 2252 ascribendus,
751 2173 829 2239 alter
851 2173 988 2256 antiquis
1011 2174 1140 2240 dicatur.

287 2298 364 2364 lbid.
376 2300 453 2364 131:
467 2299 617 2366 Doctus
636 2297 757 2362 etium
771 2296 1179 2363 GraecisT.Albu·cius
1193 2295 1257 2362 vel

182 2405 323 2486 potius
362 2422 469 2486 paene
503 2406 679 2480 Graccum
716 2405 873 2486 loquor,
914 2407 956 2468 ut
995 2403 1152 2484 opinor3
1189 2403 1257 2467 sed

184 2511 289 2576 licet
311 2529 352 2576 ex
374 2508 630 2576 orationibus
651 2509 853 2577 iudicare
877 2508 966 2589 Quod
988 2509 1090 2573 uerbis
1112 2508 1256 2574 doctus

131 2701 134 2706 Ι
182 2616 338 2684 Graecis
361 2617 526 2702 significari
554 2617 604 2682 bic
632 2618 768 2700 putatur,
796 2614 907 2680 Latine
930 2613 991 2679 diei
1016 2613 1158 2680 ductus
1180 2614 1256 2680 lit-

240 2875 268 2942 *J
289 2878 302 2940 ξ
322 2875 374 2929 110
399 2880 476 2929 recte
502 2875 584 2930 Peter
608 2878 673 2943 post
699 2871 799 2926 Aldum
830 2877 858 2928 et
885 2871 1035 2927 Victoriam
1064 2879 1137 2927 erut
1161 2871 1197 2928 ad
1216 2890 1257 2930 se·

289 2969 400 3036 quentia
418 2968 504 3022 traxit
521 2967 696 3034 restituitque
715 2982 730 3020 e
749 2963 889 3020 codicibus
912 2965 947 3019 in
966 2965 1166 3033 quibusdam
1184 2967 1256 3024 lau-

289 3061 407 3116 dandis
421 3062 505 3115 viris
525 3102 549 3115 ..
567 3059 761 3130 probabilis
779 3099 803 3113 ..
817 3059 1000 3129 industria3
1021 3059 1069 3116 sed
1084 3061 1256 3118 scribendum

283 3161 360 3210 orat:
390 3171 527 3223 quorum
552 3159 672 3209 neuter
689 3153 804 3207 summi
823 3153 971 3230 oratoris
988 3154 1107 3209 habuit
1125 3155 1257 3212 laudem

281 3254 320 3303 -et
338 3253 479 3316 uterque
495 3247 531 3300 in
544 3246 660 3304 multis
679 3246 1091 3314 causisversatus<est>.
1109 3249 1192 3304 Erat
1205 3256 1256 3306 cet.

287 3341 350 3396 Est
368 3357 449 3409 quam
469 3355 542 3410 saepe
560 3347 625 3410 post
643 3356 680 3396 us
700 3339 842 3408 exciderit,
861 3339 918 3394 dixi
936 3347 964 3396 st
978 3346 1041 3396 anta
1054 3341 1155 3398 multus
1169 3357 1257 3398 annos

287 3433 316 3486 in
333 3433 485 3502 appendice
503 3434 661 3489 Asconiana
677 3452 706 3504 p.
724 3432 744 3488 4
761 3439 790 3488 et
806 3433 837 3488 in
854 3433 924 3488 Adv.
945 3434 1010 3488 Oris.
1030 3436 1058 3489 Π
1075 3453 1102 3504 p.
1115 3435 1176 3492 278.
1204 3435 1257 3490 Hic

280 3525 397 3593 quidem
426 3541 547 3580 errorem
576 3527 658 3582 etiam
686 3526 788 3582 obiecit
815 3542 965 3582 concursus
991 3529 1134 3600 verborum
1160 3533 1258 3583 estet

288 3623 369 3673 erat
394 3619 564 3676 Sententiam
581 3621 671 3689 ipsam
688 3635 784 3689 parum
805 3624 879 3674 recte
893 3619 975 3674 Peter
992 3620 1136 3675 enarravit
1161 3620 1255 3676 Cicero

281 3711 363 3779 quod
392 3711 425 3766 dc
454 3712 556 3768 Scauro
585 3719 613 3768 et
639 3712 743 3768 Rutilio
769 3711 1007 3780 dixiqaranstulit
1026 3713 1203 3769 communiter
1222 3713 1258 3768 ad

280 3806 357 3880 alius
385 3805 519 3873 quosdam
548 3806 669 3862 eiusdem
698 3806 789 3860 astatis
815 3806 896 3874 uiros,
926 3806 955 3862 in
985 3805 1083 3874 quibus
1110 3804 1256 3862 laudandis

279 3899 374 3968 tmagis
405 3900 562 3956 industriae·
582 3915 664 3969 quam
694 3899 799 3968 ingenii
831 3899 965 3954 rationem
992 3899 1114 3956 habitam
1140 3898 1257 3968 iudicet;

280 3992 387 4048 deinde
406 3993 511 4048 duobus
530 4000 621 4051 tamen
639 3993 704 4062 illis,
727 3993 829 4048 Scauro
853 3998 881 4047 et
904 3991 1017 4060 Rutilio,
1035 4007 1091 4046 non
1108 3997 1165 4048 tam
1183 3990 1261 4060 inge·

280 4085 363 4140 arium
381 4086 490 4141 omnino
510 4083 629 4142 defuisse
648 4102 729 4154 quam
749 4085 898 4142 oratorium
915 4085 1056 4155 ingenium
1075 4090 1177 4140 censet.
