3008 4654
639 297 774 358 'Tacitus
1147 301 1206 364 245

182 498 311 564 duarum
327 500 498 565 litterarum
515 498 686 566 adiectione
708 501 805 564 altero
827 500 1047 565 accusandi
1070 501 1172 564 ortum
1195 499 1248 579 sit,

184 625 240 670 non
264 604 386 671 definio.
564 606 568 615 '

285 713 433 778 lleidddz
456 712 562 777 Illuc
584 711 777 778 Claudius
800 713 947 791 Labeo,
971 731 1078 796 quem
1101 714 1250 795 captum

184 821 224 885 et
245 825 357 885 extra
379 820 512 884 sumtu
538 818 792 884 amandatum
822 821 860 884 in
885 821 1039 886 Frisios
1061 819 1251 899 diximus,

183 927 389 1010 corruptis
422 924 663 991 custodibus
696 927 890 1010 perfugit.
944 925 1032 991 Nihil
1055 946 1091 991 ex
1112 927 1160 1005 iia,
1184 945 1251 1010 quae

186 1051 238 1116 pro
260 1038 401 1114 corrupto
422 1031 572 1098 vocabulo
586 1032 824 1112 substituuntur,
840 1033 913 1098 ferri
928 1036 1048 1119 potest,
1063 1052 1136 1098 nam
1154 1051 1252 1116 neque
1333 1055 1335 1058 ·

185 1142 405 1206 conuentus
431 1140 498 1223 quis
529 1137 580 1204 hic
610 1139 774 1224 significari
803 1141 911 1221 possit,
932 1139 1130 1234 intelligitur,
1152 1158 1252 1224 neque

185 1247 265 1330 quod
298 1244 536 1319 confinium,
571 1250 655 1311 extra
685 1247 766 1329 qnod
796 1247 896 1312 Labeo
928 1247 1119 1324 amandetur,
1153 1264 1252 1330 neque

186 1352 259 1436 quid
282 1354 324 1418 sit
351 1353 463 1418 extra
491 1355 753 1418 commeatum
786 1353 959 1429 amandari3
983 1372 1054 1420 nam
1078 1372 1149 1420 cum
1169 1372 1255 1419 com·

185 1462 291 1552 meatu
319 1464 373 1525 aut
402 1459 467 1524 sine
495 1464 668 1526 commeatu
702 1460 785 1524 abire
814 1460 924 1542 aliquis
951 1460 1077 1536 (licitum
1100 1459 1161 1525 uisi
1183 1459 1253 1542 quis

186 1568 263 1632 sorte
287 1585 323 1632 eo
345 1565 546 1632 amandatum
567 1567 742 1632 Labeonem
764 1565 823 1631 diei
846 1568 944 1649 putat,
968 1566 1031 1646 ubi,
1063 1567 1144 1650 quod
1169 1586 1255 1634 com·

185 1675 306 1740 meatus
329 1673 406 1739 nulli
428 1673 577 1752 venirent,
609 1673 690 1738 lame
719 1671 909 1755 pereundum
933 1676 1025 1738 asset.
1069 1673 1199 1738 Rectam
1222 1677 1254 1738 et

188 1783 291 1864 aptam
324 1781 508 1845 sententiam
540 1779 636 1845 efficit
670 1784 782 1846 extra
814 1779 1040 1848 commilitium.
1085 1776 1193 1845 Solum
1215 1779 1254 1845 ab

189 1888 323 1952 militum
356 1905 479 1970 corpore
512 1888 545 1953 et·
577 1887 758 1953 commercio
789 1888 966 1970 separatum
995 1889 1027 1952 et
1054 1884 1253 1952 amandatum

188 1993 362 2060 Labeonem
392 1994 517 2059 Tacitus
546 1992 639 2071 dicim
668 2012 761 2076 supra
782 2013 808 2058 o.
833 1993 872 2056 18
901 1993 931 2058 in
960 1993 1095 2059 exercitu
1123 1992 1256 2058 retinere

189 2121 259 2166 eum
282 2099 410 2166 Civilem
433 2099 566 2166 noluisse
589 2099 716 2166 dixerat.
766 2100 834 2166 Nou
863 2099 1039 2183 infrequens
1061 2100 1141 2183 apud
1163 2099 1254 2165 huius

189 2209 289 2274 aetatis
312 2207 476 2290 scriptores
504 2205 742 2273 commilitii
766 2226 875 2272 nomeu
906 2212 954 2272 est
983 2207 1124 2289 etapud
1153 2206 1255 2289 ipsum

188 2315 332 2380 Tacitum
353 2314 468 2398 legitur
489 2315 570 2379 Anu.
593 2315 618 2393 1,
641 2316 692 2380 60.

289 2420 366 2487 lbid.
394 2421 434 2484 74
455 2421 499 2497 (in
522 2419 653 2487 Cerialis
681 2421 761 2504 apud
783 2422 926 2486 Treuiros
953 2421 1159 2504 ellingerus
1182 2436 1255 2484 cou-

189 2528 304 2606 tione):
327 2527 462 2610 Regna
483 2528 673 2610 bellaque
696 2545 763 2610 per
779 2527 937 2594 Gallias
959 2545 1116 2608 semper
1137 2526 1258 2602 fuere,

190 2635 314 2700 donec
335 2634 373 2698 in
397 2635 577 2701 nostrum
599 2633 661 2700 ius
684 2633 978 2700 concederetis.
1015 2632 1109 2708 Nos,
1133 2649 1257 2714 quam·

191 2757 302 2822 quam
337 2741 468 2806 toties
500 2740 707 2819 lacessiti,
740 2741 828 2808 inre
856 2739 1040 2806 uictoriae
1069 2740 1107 2803 id
1130 2739 1258 2804 solum

190 2847 304 2912 vobis
328 2847 578 2927 addidimus,
609 2865 682 2931 qno
707 2866 843 2929 paoem
866 2849 1071 2912 tueremur
1093 2850 1150 2911 cet.
1195 2843 1258 2908 Da·

190 2953 275 3018 tinus
301 2953 402 3036 inepte
424 2953 484 3020 hoc
508 2954 575 3020 loco
597 2955 749 3033 adiicitur,
778 2955 830 3019 ubi
852 2954 890 3019 de
913 2952 1042 3018 vinculis
1064 2955 1096 3016 et
1117 2949 1258 3016 oneribus

191 3060 346 3141 impositis
368 3061 486 3144 agitur3
508 3079 546 3125 ne
569 3062 606 3126 de
628 3060 787 3126 benefieiis
817 3061 942 3144 quidem
973 3059 1086 3125 usitate
1108 3057 1260 3124 diceretur

191 3167 304 3249 populo
333 3164 424 3232 alicui
453 3167 571 3250 aliquid
598 3168 671 3234 addi
698 3168 759 3233 nisi
789 3168 867 3233 lorte
890 3167 927 3232 de
949 3166 1057 3235 finium
1080 3163 1259 3230 adiectione.

194 3273 346 3356 Scriptum
370 3273 488 3340 fuerat:
517 3274 556 3339 id
579 3275 706 3341 solum
729 3273 804 3341 novi
825 3274 1071 3353 addidimus,
1101 3271 1260 3354 aptissime

192 3379 224 3443 in
248 3378 413 3462 superioris
435 3383 467 3446 et
481 3383 556 3457 eius,
573 3371 641 3464 qnae
655 3401 736 3448 nune
751 3383 802 3458 sit,
817 3380 1003 3446 condicionis
1019 3375 1257 3460 comparatione.

293 3498 372 3563 Ibid.
396 3501 435 3561 77
465 3500 516 3575 (de
546 3500 704 3566 Gallomm
735 3499 1018 3580 Germanorumque
1044 3495 1076 3562 iu
1104 3495 1260 3560 Romanos

194 3603 347 3686 impetu):
370 3605 467 3670 Pars
489 3606 692 3672 montibus
720 3605 794 3671 alii
823 3604 899 3670 alii
922 3603 1025 3670 riam
1047 3603 1156 3667 inter
1179 3599 1260 3664 llo·

95 3764 99 3771 .
195 3712 419 3795 sellamque
448 3712 598 3779 flumen
628 3716 709 3779 tam
736 3711 953 3795 improvisi
975 3709 1194 3783 amilcare,
1217 3709 1260 3770 ut

169 3813 173 3818 ’
195 3823 254 3884 cet.
297 3820 392 3886 Recte
414 3819 615 3901 iampridem
637 3818 792 3884 sublatum
816 3822 882 3884 erat
904 3817 1035 3883 ultorum
1057 3815 1149 3892 alii,
1171 3811 1260 3876 addi-

194 3929 261 3990 tum
284 3925 324 3991 ab
346 3926 456 4010 aliquo,
479 3928 527 3992 cui
549 3927 686 3993 notabile
708 3924 807 3990 risum
829 3925 896 3989 erat
919 3942 1061 4007 pars-
1079 3918 1161 3988 alii.
1200 3917 1261 3982 Sed

195 4039 336 4116 superest
358 4035 535 4117 scrupulus;
569 4052 636 4117 quae
671 4033 719 4098 est
751 4031 831 4098 enirn
863 4029 919 4096 illa
950 4031 1030 4108 via,
1053 4032 1084 4093 et
1106 4045 1159 4092 cnr
1173 4025 1260 4092 'inter

197 4140 279 4205 viam
314 4142 346 4206 et
379 4139 541 4206 Mosellam
575 4160 611 4221 ao
642 4157 701 4204 non
731 4141 796 4221 ipsa
818 4139 867 4203 via
890 4135 1034 4204 Germani
1056 4134 1265 4200 resiluerunt?
