3008 4650
287 294 327 356 90
659 291 720 348 Lib.
740 292 775 348 ll
796 292 861 361 Cap.
880 293 902 348 1.

245 490 322 556 satis
344 493 375 555 et
396 492 523 572 apparet
545 491 578 555 et
602 490 808 567 consentitur3
839 492 986 556 correctio
1016 493 1048 556 et
1069 490 1109 556 ad
1131 488 1313 556 sententiam

244 598 278 662 et
309 596 349 661 ad
381 596 555 663 litterarum
588 595 721 680 vestigia
753 595 920 678 probabilis
951 595 1088 662 nondum
1115 599 1236 678 reperta
1258 597 1314 659 est.

248 701 363 785 Opinoi·
384 702 578 769 scribendum
601 721 681 768 esse:
716 702 755 765 et
786 702 1061 786 antiquitatis
1093 703 1247 769 iterum
1278 705 1316 764 et

245 811 513 891 exemplorum
546 808 710 891 copiam.
764 807 930 874 Materiam
964 810 1077 875 oratori
1113 809 1223 875 utilem
1260 824 1315 871 nec

246 919 349 980 tamen
373 915 527 998 propriam
550 915 705 980 Antonius
734 916 778 980 sic
806 917 836 980 iu
867 915 943 981 duas
965 919 1067 998 partes
1091 912 1258 989 distribuit,
1281 915 1314 975 ut

243 1024 349 1087 tamen
371 1023 493 1105 utrique
516 1020 596 1103 parti
619 1020 777 1086 historiam
807 1026 838 1087 et
868 1021 1085 1105 antiquitatem
1115 1018 1316 1085 communiter
1383 1026 1386 1034 “

244 1128 415 1193 subiectam
440 1128 523 1194 dicat
544 1129 666 1193 tautum
689 1128 872 1193 tractatione
887 1134 918 1194 et
932 1147 991 1193 usu
1008 1126 1169 1192 diversam.
1206 1125 1315 1207 ltaque

246 1236 275 1297 iu
310 1233 408 1298 altera
439 1237 526 1315 parte
563 1234 709 1298 iterum
742 1253 761 1298 a
793 1253 827 1299 se
860 1235 920 1300 alio
948 1235 1071 1299 nomine
1094 1232 1315 1315 (antiquitatis)

245 1337 377 1403 eandem
410 1357 475 1402 rem
508 1339 686 1423 significari,
718 1359 810 1424 quam
840 1341 871 1406 in
902 1342 1004 1424 priore
1026 1339 1188 1406 historiam
1210 1337 1315 1420 appel-

246 1446 349 1522 lasset,
372 1445 426 1510 ait.

348 1552 388 1629 ΙΙ,
403 1551 479 1615 128:
502 1552 596 1616 Meae
619 1552 750 1619 totius
773 1552 1167 1620 orationisetistius
1184 1551 1315 1634 ipsius

247 1661 285 1722 in
324 1657 493 1723 dicendo
526 1659 760 1735 facultatis,
796 1680 909 1744 quam
940 1659 1051 1725 modo
1078 1660 1246 1726 Crassus
1277 1657 1316 1721 in

250 1765 386 1830 caelnm
422 1766 559 1831 verbis
595 1767 761 1846 extulit,
799 1768 882 1832 tres
918 1768 1013 1832 sunt
1045 1766 1241 1840 rationes,
1274 1765 1318 1827 ut

248 1874 340 1938 ante
363 1871 462 1936 dixi:
487 1892 560 1936 una
583 1873 934 1939 conciliandorum
956 1873 1172 1950 hominum,
1192 1871 1316 1938 altera

243 1983 306 2045 cet.
362 1979 514 2058 Quoniam
545 1997 635 2043 nemo
665 1978 908 2044 facultatem
938 1979 977 2045 in
1001 1979 1169 2046 dicendo
1191 1999 1246 2062 pro
1269 1978 1316 2044 di·

249 2085 338 2152 cendi
351 2084 503 2150 facultate
520 2083 607 2170 dixit,
623 2083 805 2168 codicesque
819 2084 957 2170 plerique
979 2088 1072 2152 verba
1093 2087 1131 2151 in
1154 2085 1316 2151 dicendo

132 2239 134 2244 -
210 2216 213 2221 ·
247 2194 407 2266 omittunt,
429 2192 516 2256 uncis
537 2192 727 2258 incluserunt
749 2211 785 2257 ea
809 2195 993 2260 recentiores
1016 2193 1159 2260 editores.
1201 2191 1316 2257 Verum

243 2299 329 2383 qnod
351 2298 401 2364 bic
422 2297 586 2378 omittitur,
610 2300 641 2363 in
664 2299 732 2364 aliis
755 2300 911 2366 codicibus
934 2303 972 2376 (Β
995 2301 1024 2367 R
1045 2299 1127 2384 apud
1150 2299 1315 2376 Orellium)

247 2426 282 2472 ac
303 2406 433 2472 fortasse
460 2405 558 2470 multo
586 2405 736 2488 pluribus,
757 2425 850 2489 quam
870 2406 1076 2481 nominantur,
1098 2407 1223 2473 additur
1245 2406 1316 2471 ante

135 2591 150 2612 ⁶
243 2510 447 2578 orationis
469 2519 574 2589 (meae
596 2512 726 2576 totius
747 2515 786 2577 in
809 2512 981 2580 dicendo
1004 2513 1227 2593 orationis),
1250 2532 1316 2579 cer·

248 2619 463 2700 tissimumqnc
486 2619 534 2683 est
555 2616 779 2684 orationem
803 2620 848 2685 sie
870 2619 1054 2703 simpliciter
1075 2638 1129 2702 pro
1152 2638 1264 2704 genere
1281 2638 1316 2685 ac

248 2726 433 2808 proprietate
457 2722 579 2790 dicendi
601 2724 674 2808 poni
697 2744 754 2790 non
777 2743 867 2808 possa
890 2737 989 2803 (mea
1011 2727 1212 2792 orationis
1234 2729 1315 2792 tres

244 2834 342 2897 sunt
378 2832 581 2910 rationes).
635 2831 695 2896 Sed
733 2850 772 2896 ne
808 2832 840 2897 id
878 2834 1012 2916 quidem,
1050 2833 1131 2917 quod
1169 2833 1315 2899 facillime

250 2937 392 3004 efficitur:
424 2938 516 3002 Mea
545 2938 676 3002 totius
698 2939 736 3001 in
761 2936 931 3004 dicendo
954 2925 1146 3014 rationis,
1168 2941 1238 3006 ferri
1261 2957 1316 3022 po-

248 3047 310 3110 test
348 3042 538 3133 (rationis
574 3080 608 3090 -
644 3044 847 3120 rationes).
907 3046 1064 3112 Antonius
1103 3047 1238 3112 ostendit
1271 3065 1313 3119 se,

247 3147 508 3232 quemadmodum
530 3167 689 3214 causarum
714 3152 862 3217 actionem
886 3153 1035 3218 moderari
1058 3153 1164 3226 soleat,
1196 3153 1316 3235 exposi-

247 3257 367 3332 turum;
391 3254 458 3320 sine
480 3254 573 3321 dubio
595 3255 701 3323 Cicero
723 3260 904 3342 scripserat:
928 3258 1021 3324 Mea
1042 3260 1173 3325 totius
1195 3261 1232 3324 in
1257 3258 1312 3323 di-

240 3363 369 3428 cendo
390 3361 679 3429 moderationis
702 3409 709 3425 .
733 3411 740 3426 .
765 3410 772 3426 .
796 3368 880 3431 tres
903 3367 996 3430 sunt
1016 3365 1250 3440 rationes.*l

348 3480 639 3564 lbid.193:quid
663 3483 909 3564 potestesse
933 3485 1012 3547 tam
1035 3481 1180 3547 lictum
1203 3501 1314 3566 quam

247 3606 403 3667 versus,
439 3607 550 3671 quam
585 3606 718 3666 scena,
753 3609 864 3672 quam
897 3589 1069 3656 iabulae?
1112 3589 1315 3654 Tamaniu

299 3855 324 3923 *)
343 3855 412 3911 ibid.
448 3857 498 3912 184
530 3863 633 3913 certum
661 3865 703 3912 est
735 3858 892 3914 Ciceronem
925 3875 980 3913 non
1015 3858 1158 3927 scripsisse
1189 3872 1315 3924 genere

346 3949 489 4017 quodam
524 3951 776 4006 sententiarum
812 3957 846 4004 et
877 3967 1006 4019 genere
1037 3951 1235 4018 verborum,
1268 3949 1315 4004 sed

346 4044 478 4097 correctio
501 4044 620 4112 incerta3
646 4060 751 4112 vereor,
779 4059 814 4098 ne
835 4043 928 4112 priore
954 4045 1016 4099 loco
1037 4043 1113 4100 aliud
1131 4043 1219 4097 subsit
1236 4058 1315 4097 roca·

344 4134 447 4204 bulum,
466 4137 541 4191 velut
559 4137 665 4192 tenure.
