3008 4654
525 309 686 366 Ammianus
703 311 892 368 Marcellinus.
1141 314 1203 378 259

176 501 515 570 ...defendetis
567 506 613 572 De
634 505 736 573 verbis
758 509 830 590 post
850 509 1070 592 splendent
1091 512 1244 594 suppletis

178 607 326 673 nihilne
348 609 511 686 affirmare,
533 611 609 677 nihil
632 632 707 697 opus
729 619 777 680 est
798 613 871 680 dici.

275 713 356 780 Ibid.
379 715 408 794 6,
431 716 467 788 2:
490 716 605 784 cuius
628 719 778 804 (Singara
794 721 895 799 urbis)
917 726 1245 808 propugnatores

174 819 261 884 viso
296 819 411 887 hoste
446 823 706 907 longissime,
750 825 905 892 clausis
941 829 1053 894 ocius
1093 830 1243 912 portis,

175 924 415 1009 ingentibus
449 930 596 995 auimis
627 949 694 1013 per
722 932 860 998 turres
889 933 1179 1010 discurrebant
1205 940 1246 1002 et

175 1029 319 1110 minas,
353 1051 447 1100 sara
478 1037 763 1121 tormentaque
794 1037 946 1105 bellica
975 1045 1244 1125 congerentes

175 1138 232 1202 eet.
282 1138 352 1205 Non
380 1159 434 1221 per
462 1142 564 1207 turres
587 1144 619 1207 et
640 1145 750 1224 minas,
774 1162 843 1228 quae
862 1146 945 1211 ultra
966 1147 1092 1212 modum
1114 1148 1244 1214 ridicule

7 1239 8 1274 r
46 1327 49 1330 .
175 1244 413 1328 coniunguntur,
457 1248 511 1313 sed
548 1249 787 1334 ingentibus
824 1252 972 1316 animis
1006 1273 1074 1336 per
1109 1256 1255 1323 turres.

175 1350 464 1418 discurrebant
485 1355 524 1418 et
544 1354 648 1421 minis.
1001 1405 1003 1408 -

275 1458 355 1525 Ibid.
381 1461 428 1537 11,
452 1463 492 1522 28
522 1461 568 1537 (in
597 1462 803 1543 descriptione
828 1462 947 1540 iridis):
978 1469 1123 1547 quarta
1144 1473 1245 1548 (pars)

175 1564 267 1629 ideo
289 1568 502 1649 purpurat,
531 1567 632 1651 quod
663 1569 954 1634 intermicante
981 1571 1243 1654 asperginum
1280 1655 1282 1658 Ι

176 1671 386 1737 densitate
421 1691 491 1756 per
523 1692 620 1757 quas
652 1676 784 1740 oritur
815 1672 1019 1740 radiorum
1051 1677 1245 1760 splendor

174 1776 436 1861 conspiciens
471 1779 651 1846 offendit
682 1785 890 1862 aspectum
925 1780 1114 1849 flammeo
1151 1802 1242 1864 pro·

173 1884 325 1966 piorem
348 1888 406 1949 cet.
451 1885 501 1950 Sic
522 1885 651 1951 codices.
698 1886 758 1951 Pro
779 1887 912 1952 oritur
938 1887 1100 1954 infeliciter
1122 1888 1244 1954 Grono-

173 1990 242 2054 vius
264 1990 437 2056 moritur
459 1992 593 2074 scripsit,
617 2010 707 2076 quem
731 1991 865 2060 editores
888 1995 984 2060 secuti
1007 1997 1089 2060 sunt.
1133 1995 1244 2080 Neque

174 2097 256 2162 enim
288 2097 418 2162 moritur
450 2098 604 2180 splendor,
638 2098 693 2164 sed
724 2099 840 2166 mixtus
873 2100 1087 2185 asperginibus
1114 2103 1146 2166 iu
1168 2119 1244 2184 pur-

172 2222 303 2286 pureum
324 2203 454 2270 colorem
479 2206 606 2281 trausit3
639 2205 897 2288 conspiciens
920 2207 1037 2273 obiecto
1059 2209 1160 2285 caret;
1183 2208 1243 2274 ol-

172 2309 309 2375 iendit
341 2328 515 2392 perversum
554 2312 610 2390 est,
647 2312 793 2396 quoniam
827 2315 1017 2396 aspectus
1054 2314 1243 2380 flammeo

172 2417 337 2500 propior
366 2436 424 2481 non
456 2419 528 2482 aute
560 2417 650 2482 adest
679 2419 711 2483 et
741 2417 914 2497 offenditur,
939 2420 991 2484 sed
1014 2437 1095 2485 nuuc
1117 2420 1243 2485 demum

171 2523 318 2589 nascitur.
362 2522 475 2587 Omnia
496 2525 580 2589 recta
601 2523 679 2589 fiunt
700 2541 758 2588 nou
781 2523 901 2590 difficili
923 2543 980 2589 nec
995 2525 1104 2591 audaci
1122 2544 1243 2592 correc-

173 2629 275 2696 tione:
309 2628 894 2714 intermicanteasperginum
926 2631 1150 2709 densitate,
1174 2649 1246 2713 per

172 2755 270 2820 quas
285 2735 433 2814 oritur,
449 2735 649 2800 radiorum
665 2736 870 2821 splendorem
889 2735 1080 2824 concipiens,
1098 2736 1245 2804 ostendit

59 2861 62 2867 ·
171 2847 378 2925 aspectum
400 2841 589 2907 flammeo
611 2841 849 2924 propiorem.

271 2959 339 3025 Lib.
361 2957 447 3037 XXI,
465 2959 493 3036 l,
510 2958 543 3022 6:
567 2960 737 3026 Accidat
758 2962 889 3025 autem
912 2960 1243 3044 incendebatque

171 3065 258 3132 eius
280 3064 566 3146 cupiditatem,
583 3065 742 3147 pacatis
763 3066 841 3130 iarn
857 3065 1009 3131 Galliis
1032 3067 1243 3133 incessere

170 3172 279 3238 ultro
307 3171 608 3250 constantium,
644 3171 874 3237 coniiciens
910 3191 994 3236 eum
1032 3192 1100 3256 per
1134 3173 1242 3239 uati-

170 3277 334 3345 cinandi
355 3278 554 3362 praesagia
570 3278 711 3355 multa,
729 3297 810 3360 quae
825 3276 1023 3356 callebat,
1041 3280 1078 3342 et
1093 3279 1241 3344 somnio

172 3384 297 3450 evita
319 3384 507 3467 protinus
530 3370 797 3450 excessurum.
845 3383 1038 3449 Emendoso
1061 3384 1240 3463 accidat,

170 3509 224 3573 pro
246 3507 305 3574 quo
325 3490 458 3556 editores
477 3489 669 3556 substituunt
690 3489 904 3554 accidebat
926 3491 980 3552 aut
1000 3488 1239 3569 accedebat,

169 3597 301 3664 efficitur
322 3599 423 3679 potius
444 3595 590 3663 acuebat
627 3593 693 3674 [Sic
713 3595 776 3658 ium
798 3593 996 3678 Wagnerus.]
1033 3593 1093 3659 Sed
1116 3594 1240 3678 utrique

168 3703 262 3769 uerbo
278 3703 442 3769 manifesto
458 3703 545 3768 deest
559 3701 741 3767 subiectum.
785 3701 893 3784 Neque
916 3699 997 3764 enirn
1013 3698 1152 3766 Iulianus
1172 3701 1239 3781 ipse

169 3809 230 3875 dici
255 3809 358 3892 potest
382 3808 555 3873 incendisse
580 3809 666 3872 eius
682 3805 911 3890 cupiditatem
943 3825 981 3872 ne
1003 3823 1089 3872 suam
1113 3804 1239 3888 quidem

90 3991 96 4000 ,
169 3916 370 3998 cupiditatem
382 3914 473 3979 homo
485 3915 550 3995 ipse
561 3913 721 3979 incendere
733 3912 804 3995 apte
816 3912 937 3979 dicitur.
962 3911 1121 3978 Eiusmodi
1133 3913 1238 3977 autem

169 4023 340 4088 subiectum
372 4038 439 4086 esse
467 4019 567 4096 debet,
593 4021 642 4084 cui
663 4020 747 4085 recte
769 4020 1017 4086 accommodetur
1039 4017 1236 4102 participium

169 4127 411 4203 coniiciens;
433 4126 541 4207 opinor
559 4125 668 4190 luisse:
690 4127 871 4192 Acuebat
893 4128 1024 4192 eutem
1045 4123 1238 4190 incende·

986 4243 1038 4297 i'l*
