3012 4652
563 293 703 349 Ciceronis
720 295 853 364 epistolae.
1144 293 1200 356 157

276 487 354 552 inid.
376 489 413 567 V,
436 491 457 552 4
479 492 569 557 extr:
603 492 664 557 sin
694 492 790 556 mihi
818 510 944 576 neque
973 492 1242 576 magistratus

176 613 301 679 neque
324 597 507 662 senatum
529 615 656 681 neque
672 597 1243 682 populumauxilieripropter

173 720 256 767 eam
277 700 371 782 uim,
389 722 470 786 quae
491 722 548 769 mc
570 723 654 770 curn
677 724 716 771 re
738 705 905 789 publica
925 705 1046 782 vicit,
1062 702 1242 781 licuerit,

174 806 281 884 vide,
314 826 377 886 nc,
411 827 494 876 cum
526 810 631 876 uelis
661 828 850 878 reuocare
879 814 1035 895 tempus
1072 809 1243 877 omnium

174 913 480 992 servandorum,
512 935 596 982 cum
630 918 696 1001 qui
729 920 916 984 servetur
945 937 1017 982 non
1048 917 1143 994 erit,
1169 934 1243 981 non

175 1020 318 1102 possis.
373 1021 443 1089 Non
475 1041 565 1106 posse
603 1024 737 1090 reuocari
769 1024 891 1108 tempus
924 1024 1084 1090 hominum
1118 1041 1241 1089 servan·

174 1126 294 1206 dorum,
324 1147 394 1194 cum
426 1129 479 1212 qui
508 1131 646 1197 seruetur
673 1147 763 1195 nemo
792 1132 841 1208 sit,
864 1133 941 1197 adeo
963 1133 1011 1198 est
1033 1129 1242 1208 manifestum,

174 1236 211 1298 ut
233 1253 303 1299 cum
324 1234 533 1302 admonitione
562 1236 595 1301 id
624 1236 725 1302 dicere
747 1238 879 1303 stultum
901 1238 952 1303 sit.
1001 1238 1097 1303 Prone
1126 1253 1181 1320 pro
1210 1235 1244 1300 si

176 1339 356 1406 volueris
379 1341 491 1409 dicitnr
512 1361 595 1409 cum
618 1341 738 1422 uelis,
761 1345 907 1428 totusque
929 1344 1065 1410 ambitus
1083 1343 1245 1409 uerborum

175 1448 254 1514 mire
286 1446 438 1514 claudicat
471 1450 673 1533 superpositis
706 1450 823 1516 duabus
853 1449 1014 1519 sententiis
1045 1469 1065 1515 a
1093 1469 1177 1515 cum
1196 1449 1244 1514 in·

174 1553 367 1637 cipiantibus.
417 1556 548 1623 Rectum
578 1557 638 1622 erit
664 1556 704 1622 ad
726 1557 928 1622 sententiam:
963 1555 1072 1635 vide,
1094 1574 1140 1622 ne
1161 1558 1243 1621 tum

175 1662 279 1728 uelis
306 1680 499 1729 revocare
527 1665 685 1747 tempus
714 1683 742 1728 o.
773 1683 813 1743 s.,
844 1683 929 1729 cum
959 1663 1026 1747 qui
1055 1662 1244 1730 servetur

176 1788 248 1835 non
280 1769 376 1848 crit,
410 1769 466 1835 hoc
498 1770 555 1850 est,
589 1769 670 1847 vide,
702 1788 740 1834 ne
772 1771 912 1837 omnibus
941 1770 1004 1836 iam
1033 1769 1144 1836 deletis
1177 1785 1245 1834 sera

175 1876 279 1942 futura
300 1877 342 1942 sit
363 1875 506 1944 servandi
534 1877 687 1943 voluntss.
732 1877 792 1943 Sed
821 1880 960 1960 superest
989 1894 1062 1942 non
1091 1876 1243 1958 possis,

174 1983 258 2067 quod
279 2003 378 2063 nemo,
400 1984 429 2050 ei
450 1983 496 2050 sic
517 1983 665 2066 scriptum
685 1983 807 2063 ¹suisset,
830 1984 991 2050 additurus
1015 1984 1090 2048 crat.
1136 1984 1244 2066 Itaque

176 2089 282 2158 Cicero
304 2089 350 2157 sic
370 2091 510 2173 scripsit:
536 2090 641 2169 ride,
664 2092 800 2158 netum
822 2091 1119 2170 relicatas,
1142 2109 1243 2166 cum,

176 2198 336 2286 <quia>
358 2197 426 2282 qui
447 2199 634 2263 seruetur
656 2217 730 2264 non
753 2199 848 2277 crit,
871 2217 945 2264 non
966 2197 1111 2282 possis.
1145 2196 1246 2276 Quam

176 2304 266 2371 facilc
289 2305 425 2371 excidero
447 2305 540 2389 quis
561 2305 706 2389 potuerit,
729 2304 864 2389 pauso

276 2428 356 2494 Ibid.
376 2430 422 2508 15,
439 2427 473 2494 t:
496 2429 639 2496 Tecum
661 2429 798 2495 vivere
818 2447 976 2512 possem
997 2428 1185 2511 equidem
1207 2429 1247 2493 et

177 2535 345 2600 maxime
367 2536 513 2601 vellem
536 2579 691 2599 .......
714 2535 986 2601 Possumusne
1004 2534 1135 2618 igitur
1158 2552 1247 2600 esse

178 2645 276 2708 uns?
320 2642 398 2708 Mire
420 2641 526 2707 Cicero
548 2641 702 2727 significet
723 2660 757 2707 se
778 2659 848 2707 cum
871 2639 1002 2707 Lucceio
1018 2640 1122 2707 uivere
1140 2658 1246 2724 posse;

177 2750 299 2833 poterat
322 2748 403 2814 enim
428 2767 514 2832 aequc
536 2768 606 2815 cum
629 2747 700 2814 aliis
721 2747 878 2831 plurimis;
894 2764 1080 2831 prorsusque·
1097 2746 1247 2813 evertitur

178 2855 332 2923 sententio
354 2873 399 2934 eo,
422 2856 504 2938 quod
525 2856 701 2922 subiicitur:
725 2855 995 2921 Possumusne
1017 2854 1149 2939 igitur
1163 2856 1245 2921 cet?

180 2961 311 3046 Scripsit
332 2961 453 3029 Cicero:
476 2963 618 3029 Tecum
640 2963 793 3040 vivere,
811 2961 921 3044 <si>
942 2979 1116 3044 possem,
1133 2961 1247 3045 squi-

177 3069 264 3136 dem
285 3071 452 3136 msximo
476 3070 631 3135 vellem.
681 3067 743 3133 Sed
763 3067 830 3133 fieri
851 3087 939 3152 posse
962 3072 1064 3153 negat.

281 3175 359 3242 Ibid.
380 3176 433 3256 vl,
459 3178 488 3256 4,
510 3175 544 3242 t:
573 3174 679 3240 illud
703 3175 834 3240 cnivis
855 3174 982 3241 {acilo
1004 3179 1066 3240 est
1088 3174 1247 3251 docere,

178 3302 248 3349 cur
268 3283 468 3367 praecipue
489 3283 534 3349 tu
555 3283 691 3348 dolore
713 3279 818 3347 nihil
840 3279 1004 3359 debeam
1028 3280 1115 3347 eius
1134 3281 1247 3357 enirn,

178 3390 247 3472 qui
268 3389 426 3455 tardior
446 3387 485 3454 in
508 3393 545 3454 tc
567 3389 739 3455 levando
760 3389 857 3466 fuit,
889 3406 1002 3472 quam
1024 3387 1108 3452 fore
1130 3389 1247 3470 puta-

180 3513 327 3574 remus,
361 3514 436 3561 non
470 3495 533 3561 est
564 3493 664 3560 mihi
693 3495 814 3561 dubia
843 3493 888 3559 de
910 3498 978 3559 tua
999 3494 1136 3560 solute
1157 3511 1247 3558 sen-

207 3825 210 3832 ,
234 3764 260 3835 *)
280 3763 359 3833 Quod
378 3767 403 3836 6,
422 3766 437 3821 1
456 3783 507 3837 pro
525 3766 685 3839 prudenti
711 3764 883 3822 scribendum
911 3764 1082 3822 conieceram
1106 3764 1248 3837 pudenti

282 3859 355 3926 (nam
383 3860 511 3930 prudenti
540 3860 701 3916 Ciceronem
727 3858 819 3929 potius
851 3857 1019 3913 crediturum
1048 3858 1135 3915 fuisse
1167 3875 1250 3928 quam

281 3953 459 4023 imprudenti)
479 3959 506 4010 et
524 3954 549 4022 8,
572 3951 802 4008 disciderunt
818 3968 868 4022 pro
886 3949 1147 4022 interciderunt,
1175 3952 1250 4021 quod

282 4047 365 4118 longe
384 4047 461 4103 aliud
480 4045 616 4118 significat
635 4045 717 4102 etiam
737 4045 767 4102 in
786 4045 892 4101 duobus
910 4046 980 4102 locis
992 4046 1066 4117 apud
1079 4045 1250 4102 Schellerum

283 4158 338 4198 non
355 4147 431 4200 recte
447 4139 556 4212 positis,
575 4146 719 4209 utrumque
736 4138 850 4211 pridem·
861 4145 1024 4212 occupatum
1043 4140 1130 4198 rideo.
