3008 4654
652 333 774 390 Tacitus.
1142 335 1204 400 233

177 528 452 596 circumdedit
472 549 583 615 quam
604 531 683 598 illa
703 533 923 609 colluvies,
945 534 1010 599 sive
1025 533 1144 618 potius:
1179 553 1254 600 uec

177 633 264 700 ulla
285 683 293 699 .
317 682 324 698 .
347 681 356 698 .
378 637 563 724 <pestis>
583 639 681 721 plus
697 641 774 719 cot.;
796 657 867 705 narn
884 642 917 704 et
931 639 1034 724 aptius
1053 641 1102 706 est
1125 641 1248 724 pestis

178 745 211 806 ot
244 741 364 809 facilius
396 747 469 809 autc
497 743 587 826 plus
609 744 748 813 excidme
767 745 883 829 potnit.
928 745 1062 823 (Vitium
1085 747 1248 812 sententia

177 847 356 914 Ernestium
371 848 511 930 offendit,
527 849 580 934 qui
594 851 749 918 intellexit
762 853 880 937 requiri
901 854 963 918 fere
984 871 1113 936 neque
1135 854 1246 937 quid·

178 961 316 1036 quam.)
359 956 394 1022 ln
416 957 524 1022 eodem
546 959 646 1041 capite
668 959 761 1042 paulo
781 959 870 1038 infra,
893 960 947 1025 nbi
969 977 1050 1024 nunc
1067 960 1111 1025 sio
1126 959 1253 1024 editur:

177 1058 427 1130 Postremum
460 1066 546 1147 ipse
583 1083 740 1131 scenam
779 1064 953 1141 incedit,
989 1067 1117 1131 multa
1154 1083 1247 1132 cura

178 1171 384 1250 temptans
405 1171 603 1237 citharam
625 1173 665 1236 et
684 1172 972 1255 preemcditans
1000 1172 1246 1238 assistenti·
1272 1254 1278 1263 ,

177 1274 248 1341 bus
275 1274 502 1357 phonascis.
547 1279 791 1344 Accesserat
819 1278 963 1344 cohors
987 1277 1163 1344 militum
1187 1281 1246 1344 cot.

178 1401 194 1445 c
210 1381 327 1448 Mureti
349 1380 535 1463 coniectura,
557 1383 736 1470 longissime
750 1404 770 1450 a
783 1385 940 1451 codicibus
956 1385 1127 1452 discedenti
1138 1403 1194 1452 uec
1208 1384 1248 1450 ad

179 1505 244 1552 rem
275 1493 369 1568 recta,
403 1491 547 1574 quouirnu
579 1491 747 1558 citharistis
779 1491 812 1556 iu
845 1493 913 1572 ipsa
944 1509 1036 1557 scena
1064 1492 1248 1557 canentibus

180 1593 350 1676 phonascus
382 1597 519 1662 astitisse
551 1615 702 1681 nusquam
737 1597 929 1682 significatur
962 1617 1061 1681 neque
1089 1597 1248 1680 probabile

178 1702 234 1778 est,
257 1701 448 1768 redeundum
478 1705 599 1770 ridetur
628 1704 813 1788 simpliciter
838 1705 877 1770 ad
900 1704 1038 1770 codicum
1062 1703 1245 1786 scripturam

177 1807 232 1884 sie,
253 1808 290 1872 ut
310 1807 348 1874 fit
370 1809 402 1873 iu
426 1809 652 1892 antiquissimis
673 1810 869 1888 editionibus,
892 1813 1136 1894 interpunctam:
1150 1847 1192 1858 -
1208 1811 1254 1889 et·

177 1915 474 1994 praemeditans.
517 1917 827 1982 Assistentibus
857 1917 984 1983 facies
1013 1919 1246 1984 accesserat

178 2019 322 2086 cohors
343 2022 520 2089 militum
543 2029 602 2089 cet.
631 2023 855 2090 Assisteutium
870 2029 902 2090 et
916 2025 1111 2090 audientium
1126 2042 1245 2089 corcnae

175 2125 367 2216 singularem
388 2129 524 2212 aliquam
545 2128 680 2213 speciem
706 2131 772 2212 (ein
786 2129 1070 2196 toradhrrbtiscbes
1086 2129 1253 2214 caprena)

178 2232 335 2300 addidisse
357 2237 515 2302 cohortem
531 2235 678 2314 rnilitum,
701 2237 892 2304 centuriones
907 2238 1106 2322 tribunosque
1121 2238 1248 2303 Tacitus

179 2339 343 2424 significat
386 2342 524 2409 Fucini
550 2344 683 2408 nominis
704 2341 735 2408 in
759 2342 817 2409 hoc
837 2343 906 2410 loco
926 2363 1017 2410 usum
1038 2346 1122 2410 recte
1145 2343 1250 2408 decla·

177 2447 259 2512 rasit
279 2447 442 2515 Bbtticher
462 2448 496 2514 in
516 2447 612 2516 lexico
632 2452 760 2516 Tacitco
781 2449 904 2516 collatis
926 2449 1034 2516 multis
1048 2438 1152 2515 'Taciti
1168 2449 1245 2514 locis

177 2557 213 2618 ut
234 2555 316 2620 Anu.
339 2555 364 2632 1,
386 2556 426 2618 41
450 2556 483 2620 et
503 2556 584 2622 Hist.
606 2556 648 2634 Il,
671 2556 723 2635 89,
744 2561 803 2623 cet.

277 2673 356 2738 Ibid.
382 2675 419 2737 16
447 2673 499 2752 (de
528 2677 651 2742 Neroua
680 2675 852 2741 carminum
881 2674 1019 2739 studium
1050 2675 1247 2752 affectante):

180 2779 425 2858 contractis,
470 2782 615 2865 quibus
658 2781 795 2865 eliqua
831 2781 1032 2865 pangendi
1069 2781 1253 2846 facultas

179 2884 346 2952 necdum
381 2881 561 2973 insignis
593 2890 730 2954 aetatis
763 2889 848 2953 uati
881 2887 1092 2953 considere
1123 2887 1246 2953 simul

178 2993 217 3055 et
238 2993 390 3060 allatos
411 2994 474 3060 vel
497 2994 645 3060 ibidem
662 2996 1001 3077 repertosrersus
1019 2997 1253 3060 connectere

178 3100 298 3182 atque
330 3101 461 3182 ipsius
493 3102 614 3167 rerba
643 3119 799 3185 quoquo
827 3100 946 3166 modo
969 3099 1131 3186 prolate
1153 3097 1247 3184 sup·

178 3203 366 3286 plerecet
399 3205 596 3274 Coniecturae
617 3208 649 3272 in
671 3208 921 3274 verbisaetatis
937 3207 1255 3273 uatioousidere

178 3314 315 3379 tentatas
338 3313 488 3379 refellere·
507 3313 700 3395 supersedeo,
730 3314 864 3379 marimo
893 3312 1015 3379 illatam
1037 3314 1142 3396 inepte
1163 3332 1246 3378 oeuae

181 3419 369 3485 mentionem
402 3420 539 3504 mireque
571 3424 714 3485 vexatum
748 3419 884 3485 aetatis
915 3421 1098 3485 vocabulum
1119 3418 1249 3484 minime

179 3525 344 3591 abhorrens
364 3527 405 3592 ab
427 3528 597 3612 narratione
618 3531 714 3592 cretus
734 3542 754 3590 a
775 3525 893 3590 Nerone
912 3525 1108 3591 adolescente
1123 3524 1247 3608 (viginti

143 3716 146 3720 Ι
180 3631 311 3698 duorum
328 3641 490 3710 annornm)
512 3652 581 3699 euru
598 3633 669 3698 aliis
685 3651 743 3697 nou
758 3631 879 3715 longius
892 3630 1047 3716 provectis
1057 3629 1253 3708 (necdum)

181 3737 336 3818 instituti;
367 3739 446 3804 illud
467 3758 563 3804 uuum
585 3737 789 3804 animadverti
809 3737 917 3815 velim,
938 3757 975 3802 ex
997 3735 1132 3802 ablativo
1154 3755 1246 3802 con·

180 3847 330 3910 tractis
345 3865 504 3929 apparere,
520 3845 631 3911 debere
646 3846 780 3928 primum
795 3844 882 3928 sequi
894 3844 1021 3909 verbum
1033 3844 1072 3908 ad
1084 3841 1246 3920 Neronem,

181 3970 242 4017 non
273 3952 313 4017 ad
335 3956 462 4030 ceteros,
496 3954 663 4036 pertinens,
692 3951 829 4036 reliquos
855 3950 1023 4016 infinitivos
1045 3951 1128 4014 recto
1149 3950 1187 4013 de
1209 3948 1254 4014 iis·

179 4051 325 4140 intelligi,
348 4077 424 4144 quos
445 4057 528 4123 Nero
550 4059 751 4125 contraxerat.
786 4056 958 4141 Scripserat
972 4055 1098 4122 Tacitus
1113 4055 1152 4121 ad
1168 4056 1253 4121 hauc

181 4165 332 4230 sormam:
366 4166 619 4244 Contractis,
652 4164 798 4247 quibus
830 4162 1253 4248 aliqua...iusignis,
