2974 4660
585 306 724 378 Euripidis
742 308 801 364 Ion.
1145 306 1182 367 lb

241 507 288 570 Ac
300 504 434 586 primum
450 503 574 569 Porsoni
591 491 797 569 observationi
809 521 975 586 numquam
987 503 1110 567 tantum
1121 502 1232 585 tribur

155 611 194 676 ut
213 611 244 674 in
268 629 304 675 oa
328 611 424 675 ullam
448 627 515 675 esse
537 629 661 676 causam
691 611 831 693 putarem
863 627 968 675 versus
996 606 1174 686 contrarios,
1197 611 1224 675 si

157 715 236 781 nihil
258 716 342 781 alind
363 720 445 782 esset·
465 717 546 790 vitii,
580 715 732 795 mutandi,
766 734 835 781 oum
858 714 1031 798 praesertim
1060 715 1127 796 ipse
1149 715 1225 780 Por·

156 841 249 889 sonus
270 824 334 888 tres
354 821 515 904 Sophoclis
542 823 676 887 intactos
705 821 895 904 reliquissem
923 839 996 886 uam
1025 838 1126 903 neque
1148 821 1226 903 quirl

156 928 195 995 ad
217 927 356 1014 rhythmi
377 928 509 994 formam
541 929 663 994 molesti
685 927 814 993 baberet
833 927 889 994 illa
911 945 1016 992 versus
1039 927 1227 998 terminatio,

157 1053 250 1119 quam
272 1034 426 1100 Porsonus
460 1033 595 1100 studiose
629 1033 759 1099 vitatam
794 1033 893 1115 putat,
931 1033 1075 1108 ostendit,
1113 1032 1229 1116 quidve

157 1139 313 1206 commodi
334 1141 444 1206 vitatio
467 1141 603 1214 baberet,
626 1139 717 1206 etad
740 1138 984 1204 observationem
1008 1138 1048 1202 ad
1064 1139 1225 1203 materiam

154 1264 212 1328 per
232 1265 266 1311 se
287 1265 349 1311 non
371 1246 459 1314 raldo
476 1247 611 1329 amplam
632 1245 838 1329 pertinentem
861 1243 1100 1309 confirmandam
1117 1263 1226 1328 excop-

155 1350 293 1417 tionibus
323 1371 395 1418 usus
423 1356 470 1418 est
499 1352 575 1418 satis
605 1352 791 1423 artificiosis,
814 1351 945 1416 maxime
974 1349 1030 1415 illa
1053 1350 1089 1414 de
1111 1342 1233 1423 ου’ώοίς

155 1459 188 1524 et
208 1457 330 1543 ιιηιλώς
351 1476 411 1523 non
433 1458 464 1522 in
487 1477 580 1524 unam
607 1476 712 1524 vocem
736 1456 915 1531 conflandis,
937 1461 981 1540 ut,
1003 1458 1031 1521 si
1052 1457 1223 1540 exemplum

156 1565 243 1648 sequi
256 1565 379 1641 vellem,
395 1565 442 1630 uti
456 1583 578 1646 possem
595 1565 745 1630 scribendi
761 1563 912 1629 artificio:
929 1555 1062 1629 νώτοιώ
1077 1554 1225 1648 οὐρανόν

156 1687 337 1754 negatoque,
361 1671 441 1753 quod
464 1672 588 1755 plenum
605 1671 689 1736 esset
703 1663 848 1742 νώνοιοι,
864 1671 1032 1753 spondeum
1055 1687 1128 1734 voce
1151 1669 1225 1735 dua·

155 1795 223 1841 rum
247 1776 436 1861 syllabarum
459 1776 549 1842 effici.
594 1776 655 1841 Sed
672 1776 703 1842 'si
727 1777 795 1859 quis
819 1776 942 1842 omnino
958 1778 1082 1860 propter
1097 1777 1226 1842 Porsoni

154 1884 372 1949 auctoritatem
395 1883 501 1948 infelix
522 1881 598 1948 illud
622 1874 742 1958 νώιοις
763 1875 916 1968 οὐρανόν
937 1883 1014 1948 ferre
1036 1901 1097 1948 uon
1119 1881 1224 1956 audet,

154 1988 330 2054 adhibenda
361 1990 390 2055 ei
424 1992 473 2054 est
505 1989 595 2054 buius
629 1989 780 2071 simplicis
810 1990 880 2056 vitii
907 1988 1040 2071 simplex
1063 1988 1229 2071 medicina*

155 2113 249 2176 quam
261 2094 381 2162 facilem
394 2097 502 2162 attulit
511 2096 688 2171 Elmsleius
704 2097 758 2180 qui
769 2096 893 2181 scripsit
905 2092 1027 2170 νώτοις
1037 2096 1226 2182 χολιώοιοιν

156 2193 316 2285 οὐρανόν,
335 2221 373 2267 ne
388 2200 541 2268 Badhami
563 2203 768 2269 coniecturam
791 2222 1047 2270 commemorem:
1071 2195 1229 2268 νώτοισιν

155 2300 276 2374 πόλον.
313 2309 440 2374 Prorsus
463 2311 579 2374 temere
601 2308 671 2374 bino
693 2308 825 2391 suspicio
848 2310 886 2374 ad
909 2309 1081 2392 proximum
1096 2326 1229 2379 ,versum

420 2560 534 2627 Ἀτλας,
554 2559 570 2618 ὅ
589 2563 729 2632 χαλκέοισι
747 2562 858 2618 νώτοισι
877 2561 971 2631 φέρων

425 2658 501 2710 θεῶν
519 2654 640 2710 παλαιὸν
659 2651 746 2722 οἷκον,
766 2654 795 2710 ἐκ
814 2659 898 2723 τριῶν
917 2658 982 2723 μιᾶς

427 2745 535 2816 ἀλόχων
554 2745 640 2816 ἔφυσε
659 2751 759 2802 Μαῖαν
777 2767 802 2804 κ.
821 2767 845 2804 τ.
867 2752 899 2815 λ,

258 2853 290 2892 eo
310 2838 464 2906 corrigendi
482 2853 592 2907 genere,
611 2855 664 2907 quo
685 2840 707 2893 si
726 2841 855 2895 utendum
869 2847 950 2901 esset,
968 2839 1033 2894 olim
1046 2838 1103 2893 dixi
1118 2856 1231 2894 omnem

257 2929 420 2985 emendandi
439 2936 565 2985 conatum
585 2931 677 3001 potius
696 2931 873 2989 omittendum
894 2948 964 2988 essu.
990 2933 1023 2986 In
1041 2932 1113 2987 idem
1132 2938 1224 2987 autem

257 3024 401 3078 sententies
427 3025 522 3079 vitium
550 3011 669 3094 uterque
692 3025 788 3080 incidit
805 3024 971 3082 Mercurium
1000 3010 1040 3080 si'c
1067 3025 1229 3094 loquentem¹

258 3116 399 3186 inducens,
427 3124 567 3186 tamquam
585 3119 693 3174 Atlanti
720 3135 816 3189 pamm
842 3119 968 3190 prolifico
986 3118 1075 3172 tribus
1093 3117 1225 3172 uxoribus

255 3225 324 3280 opus
341 3209 432 3281 fuerit,
451 3217 482 3266 ut
500 3227 534 3266 ex
552 3227 608 3266 una
624 3212 728 3268 liberos
746 3214 886 3285 gigneret3
907 3212 972 3282 quid
985 3212 1058 3267 enim
1070 3209 1105 3266 ad
1119 3211 1222 3266 Maiam

254 3303 369 3360 alterius
392 3311 419 3360 et
438 3305 528 3360 tertiae
547 3305 640 3360 uxoris
659 3304 820 3374 significatio
831 3307 971 3375 pertinet?
990 3303 1120 3360 cumulus
1132 3310 1227 3358 autem

253 3396 442 3466 perversitatis
461 3398 490 3452 in
507 3414 540 3453 eo
560 3405 611 3466 est,
627 3399 709 3467 quod,
731 3415 791 3453 cum
812 3399 842 3453 in
859 3399 977 3467 antiquis
991 3394 1224 3468 tabuliseitlantis

254 3493 360 3544 tantum
388 3497 416 3545 et
441 3489 560 3544 filiorum
588 3491 691 3546 mentio
719 3490 806 3560 fieret,
833 3491 926 3547 uxoris
949 3491 1080 3546 memoria
1106 3489 1227 3545 obseura

253 3588 327 3637 esset
354 3589 403 3638 aut
428 3583 513 3651 nulla,
540 3590 638 3652 postea
666 3588 756 3654 poetae
785 3591 812 3639 et
842 3584 1019 3654 grammatici,
1048 3582 1095 3650 qui
1113 3581 1222 3638 fabulas

252 3676 503 3744 persequebantur,
537 3676 659 3732 diversas
681 3676 804 3733 Atlantis
839 3692 939 3731 uxores
966 3675 1116 3742 finxerunt,
1152 3674 1228 3729 alius·

254 3767 404 3837 Pleionam,
421 3767 493 3823 aliua
512 3767 663 3837 Steropem,
682 3769 754 3824 alius
773 3770 904 3836 mithram,
928 3782 1018 3834 nemo,
1036 3766 1111 3834 quod
1130 3767 1228 3835 sciam,-

256 3867 304 3916 aut
322 3859 391 3918 duaa
411 3868 458 3916 aut
475 3867 532 3917 tres
551 3861 645 3931 simul;
668 3862 762 3930 itaque
782 3877 813 3917 ex
830 3861 874 3929 iis,
893 3861 940 3929 qui
957 3859 1101 3929 Euripidis
1119 3866 1222 3927 tragoe·

256 3951 329 4007 diam
340 3955 421 4023 primi
440 3960 641 4024 spectaverunt,
659 3970 738 4010 nemo
756 3954 946 4008 intellecturus
965 3957 1032 4020 erat,
1051 3968 1112 4020 quae
1130 3959 1223 4007 essent

253 4045 310 4100 illae
336 4053 424 4115 τρεῖς,
454 4064 522 4116 quas
551 4047 709 4102 Dindorfius
737 4046 858 4114 induxit3
892 4044 1093 4101 Herwerdenus
1124 4045 1226 4100 saltem

253 4135 372 4210 ἀλόχους
391 4139 548 4209 appellavit.
