2974 4660
591 305 757 361 Herodotus.
1129 305 1172 369 33

240 504 321 570 ibid.
346 505 423 570 194:
453 501 529 571 τότε
559 505 593 570 δὲ
623 509 656 576 ἐς
683 498 954 589 τσιλςἝλληνας
988 501 1212 580 καταπλώσας

143 609 320 689 (Santones,
355 611 407 693 qui
440 611 514 676 olim
546 595 627 696 regis
660 611 739 676 iram
771 611 932 694 effugerat)
964 613 1082 696 ἔμελλε
1106 605 1150 678 ου’
1172 607 1210 678 τό

142 709 304 800 ιλεώτερον
320 709 496 804 διαφυγών
511 723 662 784 ἔσεσθαι.
695 717 825 783 Prorsus
845 735 987 800 perverse
1001 737 1056 799 pro
1070 735 1116 799 eo,
1131 720 1211 802 quod

142 827 192 892 est
201 826 321 910 ἔμελλε
338 819 592 909 διαφεύξεσθαι,
609 824 720 890 dieitur
735 824 854 908 ἔμελλε
871 818 1046 910 διαφυγών
1061 831 1211 892 ἔσεσθαι.

143 930 206 997 Sub
229 939 369 998 ἔσεσθαι
395 930 475 996 latet
497 931 635 1007 verbum,
663 929 745 1013 quod
774 929 916 995 laetitiam
945 933 977 995 et
997 931 1211 1014 gloriationem

143 1039 279 1106 devitato
300 1037 435 1120 periculo
465 1037 626 1120 significet.
681 1037 793 1101 Utrum
825 1032 1018 1121 ἥδεσθαι
1050 1037 1145 1103 fuerit
1174 1057 1212 1103 an

143 1145 227 1212 aliud
250 1144 363 1220 simile,
385 1163 443 1209 non
467 1142 589 1208 definio.
627 1142 780 1220 (Reiskins
802 1143 833 1208 et
856 1143 1092 1210 Valckenaerins
1116 1169 1211 1229 περι-

144 1258 306 1329 έσεσθαι.)
481 1263 497 1298 ⁸

244 1373 323 1441 Ibid.
357 1373 434 1436 212:
468 1367 513 1446 ώς
545 1373 579 1438 (ll
613 1363 713 1438 συίλὲν
740 1368 897 1458 είίρισκον
930 1366 1146 1460 ἀλλοιότερον
1181 1382 1212 1442 οἱ

144 1473 323 1565 ,Πέρσαιῆ
356 1480 398 1568 τῇ
437 1479 624 1566 προτεραίῃ
657 1471 801 1565 ἐνώρων,
842 1474 1053 1566 α’πηλαυνον.
1114 1482 1214 1548 Valde

149 1587 286 1670 suspicor
319 1585 358 1650 ab
391 1585 609 1668 interpolatore
642 1583 783 1651 additum
818 1582 983 1673 εὕρισκον,
1020 1607 1081 1654 non
1113 1589 1213 1655 solum

145 1695 229 1778 quod
250 1693 380 1777 uerbum
409 1691 596 1756 alterutrum
624 1692 763 1757 abundat
785 1694 817 1757 et
837 1693 970 1758 inaniter
991 1694 1135 1767 variatur,
1158 1694 1214 1760 sed

146 1800 238 1885 quod,
260 1799 288 1864 si
315 1796 375 1862 d'uo
402 1797 496 1862 rerba
524 1797 696 1862 Herodotus
725 1798 887 1880 posuisset,
917 1801 1088 1865 necessario
1115 1799 1213 1884 serip-

144 1907 239 1973 sisset
260 1897 449 1989 ἑωράκεσαν
470 1896 699 1983 (ώπώπεσαν).

246 2046 332 2124 VIII,
362 2046 419 2110 94:
453 2045 676 2130 περιπίπτειν
710 2069 769 2131 σφι
802 2046 979 2121 (Corinthiis
1009 2045 1213 2131 fugientibus)

147 2156 267 2240 κέλητα
283 2154 367 2242 θείη
381 2155 521 2242 πομπῇ,
536 2147 598 2219 τόν
612 2149 690 2218 οὔτε
706 2158 893 2236 πέμψαντα
910 2153 1063 2238 φανῆναι
1078 2147 1214 2230 οὐδένα,

146 2258 226 2329 οὔτε
248 2287 279 2327 τι
303 2261 372 2327 τών
394 2253 463 2326 α’πό
480 2259 543 2343 τῆς
558 2259 717 2344 στρατιῆς
733 2253 838 2326 εἰδόσι
855 2263 1110 2346 προσφέρεσθαι
1127 2274 1214 2328 τοῖσι

147 2367 390 2454 Κορινθίοισι.
433 2367 515 2456 τῇδε
553 2367 587 2432 (lt
624 2359 882 2452 συμβάλλονται
918 2367 1005 2433 εἶναι
1042 2375 1144 2434 θεῖον
1176 2363 1215 2433 τό

148 2474 301 2561 πρῆγμα.
359 2474 411 2539 Sio
442 2474 557 2538 dicitur
589 2472 670 2564 τῄιλε
700 2474 746 2552 δέ,
780 2473 869 2556 quasi
897 2472 1052 2540 indicetur
1073 2474 1218 2540 aeoutura

148 2580 318 2666 explicatio,
353 2599 407 2646 our
439 2579 586 2646 divinitus
612 2580 728 2646 saetam
750 2597 816 2644 rem
837 2580 991 2662 putarint;
1015 2597 1051 2645 ea
1072 2598 1143 2646 vero
1165 2599 1217 2645 ex·
1249 2587 1258 2612 ⁸

152 2687 280 2771 plicatio
304 2687 511 2769 superioribus
533 2687 720 2762 eontinetun
742 2686 847 2767 itaque
870 2684 1065 2751 scribendum
1084 2687 1145 2750 est:
1168 2686 1218 2774 τῇ

150 2790 199 2876 δή
223 2789 482 2881 συμβάλλονται
499 2795 634 2877 (propter
656 2811 749 2875 quarn
767 2792 866 2874 ipsam
884 2809 1009 2857 oausam
1023 2790 1217 2869 oonieetant).

251 2916 331 2984 ibid.
360 2917 420 2981 106
451 2916 495 2997 (in
527 2915 714 2982 Hermotimi
748 2916 786 2981 au
818 2914 1003 2980 Panionium
1034 2933 1216 3000 mangonem

150 3025 283 3106 verbim:
308 3031 345 3092 οἵ
362 3029 408 3105 (οἱ
430 3025 524 3102 θεοί)
548 3049 584 3088 σε
610 3017 803 3107 ποιήσαντα
823 3014 955 3098 α’νόσια,
979 3016 1073 3108 νόμῳ
1103 3022 1219 3108 δικαίῳ

150 3125 348 3220 χρεώμενοι,
385 3125 569 3218 ὑπήγαγον
590 3135 624 3203 ές
657 3142 770 3216 χεῖρας
802 3121 864 3202 τώς
900 3129 996 3215 ἐμός,
1020 3125 1218 3216 ώστεσεμη

150 3243 359 3326 μέμψασθαι
375 3234 440 3323 την
450 3231 510 3304 α’π’
526 3239 602 3322 ἐμέο
615 3261 667 3304 τοι
685 3240 850 3323 ἐσομένην
866 3236 972 3321 δίκην.
1007 3236 1138 3302 Prorsus
1149 3255 1221 3320 per-

151 3365 259 3412 versus
291 3347 323 3411 in
355 3343 549 3429 praedioenda
577 3363 675 3426 poenae
707 3329 874 3409 seueritate
908 3343 1041 3409 norisius
1064 3341 1220 3424 infinitivi,

152 3451 407 3534 seribendumque
428 3455 696 3534 μέμψεσθαι.

253 3591 334 3660 Ibid.
370 3591 446 3656 112:
491 3591 742 3678 Θεμιστοκλέης
775 3591 809 3658 (ll
838 3634 845 3652 ·
871 3637 879 3654 .
902 3638 942 3656 ..
973 3591 1158 3674 ἐσπέμπων
1188 3593 1221 3661 ἐς

152 3696 216 3775 sole
237 3697 343 3773 α’λλας
374 3692 500 3794 νήσους
521 3699 785 3785 α’πειλητηρίους
807 3690 929 3784 λόγους
950 3697 1040 3762 αἴτεε
1063 3689 1220 3782 χρήματα

154 3805 210 3874 ιλισί
244 3807 312 3873 τών
345 3799 458 3872 αιίτών
490 3799 660 3894 α’μηέλων,
699 3801 889 3891 χρεώμενος
925 3813 1011 3867 τοῖσι
1045 3803 1100 3868 καὶ
1134 3797 1221 3887 πρός

153 3917 296 4001 βασιλέα
319 3906 480 4001 ἐχρήσατο
504 3937 531 3977 κ.
553 3937 582 3977 τ.
604 3914 632 3977 λ.
691 3909 742 3975 Sic
770 3908 890 3975 codices
918 3907 979 3973 fidu
1002 3906 1090 3991 digni
1112 3907 1221 3986 (Med.‚

156 4022 255 4098 Rom,
279 4017 392 4098 Flor.);
415 4018 470 4084 sed
492 4017 637 4102 qnoniam
657 4016 818 4081 manifesto
839 4015 977 4081 abundat
991 4014 1023 4078 et
1038 4015 1223 4080 sententiam

155 4127 315 4211 perturbat
336 4125 538 4209 participium
561 4120 760 4211 χρεώμενος,
784 4122 832 4188 cui
853 4121 1121 4188 accommodatum
1141 4123 1224 4186 esset

1006 4237 1024 4292 3
