3008 4650
309 264 368 326 m
667 267 924 337 mmmm

260 463 341 527 sisse
388 462 492 531 Cicero
537 463 675 530 videtur:
726 465 885 530 Iniuria
919 467 1175 548 postulabas-3
1219 464 1333 550 itaquo

263 568 425 638 rioooaro.

365 739 443 805 Ibid.
466 741 522 804 73:
555 740 643 804 Haeo
671 741 733 804 est
752 721 899 821 ¹iniqua
927 740 1117 812 certatio,
1142 760 1217 806 non
1239 739 1331 818 illa,

261 865 340 928 qua
362 847 403 910 tu
425 849 564 912 contra
587 845 775 911 Alfenum
806 846 1036 928 equitabam
1064 847 1156 912 hnic
1187 865 1231 912 ns
1263 847 1331 911 ubi

263 953 515 1017 consisteret
536 950 695 1037 quidem
719 955 859 1018 contra
880 955 929 1030 te,
952 951 1080 1018 locum
1104 952 1330 1036 reliquisti.

258 1059 313 1142 ¹Ne
335 1057 386 1123 hic
407 1059 532 1141 quidem
555 1058 699 1123 mendum
722 1057 845 1142 coargui
866 1076 942 1141 opus
959 1058 1016 1134 ost,
1033 1059 1176 1141 qnoniam
1194 1059 1329 1124 omniurn

261 1183 416 1229 consensu
445 1164 642 1230 manifestum
676 1166 731 1228 est.
784 1166 922 1248 Apparet
948 1163 1118 1230 desiderari
1150 1183 1209 1230 non
1232 1165 1332 1230 solum

260 1271 487 1336 absolutionem
500 1271 659 1336 sententiae
670 1270 779 1354 prioris
795 1275 881 1354 (qua
902 1272 944 1336 tu
962 1273 1103 1337 contra
1119 1271 1330 1349 Alfenum),

261 1375 318 1440 :sed
340 1378 490 1458 praeterea
511 1376 637 1460 aliquid,
661 1376 710 1442 oui
732 1377 918 1442 eontrarium
942 1378 1123 1446 subiiciator
1142 1377 1217 1442 hoc:
1231 1378 1333 1442 'huic

263 1503 310 1548 ne
333 1487 408 1562 oet.;
443 1505 514 1550 nam
547 1482 717 1566 praeoedere
746 1483 837 1548 debet
865 1486 1008 1568 aequioris
1038 1505 1106 1550 cnm
1129 1484 1239 1549 Alfeno
1261 1503 1333 1549 oon-

261 1591 444 1657 csrtationis
477 1588 659 1674 significatio
693 1593 724 1655 et
756 1608 866 1655 nomen
903 1593 957 1656 aut
989 1611 1166 1674 pronomen,
1190 1592 1238 1656 cui
1261 1609 1334 1656 oon-

265 1695 394 1760 trarinm
417 1695 569 1761 referatur
590 1696 690 1760 hnic.
737 1695 948 1779 Depravanda
977 1698 1123 1764 orationis
1155 1717 1246 1763 causa
1275 1696 1334 1763 fuit

262 1801 331 1866 sine
354 1802 447 1868 dubio
471 1803 517 1867 bis
540 1804 676 1884 positum
698 1801 801 1868 Alieni
824 1824 934 1869 nomen
958 1806 990 1869 et
1012 1804 1092 1870 oculi
1115 1806 1153 1870 ab
1174 1805 1272 1870 altero
1293 1803 1333 1869 ad
1389 1835 1393 1840 ·

266 1908 396 1973 alterum
432 1927 542 1974 nomen
571 1910 730 1975 aberratio.
786 1909 888 1976 Cicero
918 1910 1001 1976 enim
1032 1911 1070 1975 ad
1101 1911 1182 1977 hanc
1202 1911 1332 1976 sormam

262 2015 446 2099 scripserat:
476 2016 564 2081 Haec
588 2016 649 2080 est
670 2017 808 2098 iniqua
831 2017 1025 2092 certatio,
1048 2036 1122 2082 non
1143 2018 1237 2095 ilia,
1260 2037 1333 2101 qua

266 2123 307 2186 tu
343 2127 483 2188 contra
519 2123 706 2188 Alfenum
744 2124 965 2204 <utebare
1001 2124 1172 2208 Aliquid
1201 2126 1332 2190 tamen

265 2227 454 2310 Alfeno>
486 2230 569 2317 aqui
601 2227 718 2304 datam
751 2227 844 2294 hnic
876 2249 920 2294 ns
953 2232 1081 2296 nbi-
1103 2269 1144 2278 —
1166 2267 1207 2279 —
1231 2232 1332 2296 reli·

264 2334 406 2418 quisti.
451 2335 498 2400 De
520 2335 650 2420 singuiis
672 2335 772 2400 verbis
796 2336 874 2401 nihil
897 2337 1045 2402 affirmari
1067 2340 1179 2421 potest.

364 2501 427 2567 Pru
449 2499 563 2567 Roscio
586 2500 666 2567 torn.
692 2503 747 2566 17:
781 2501 817 2580 Q.
842 2502 1010 2568 Roscius
1043 2541 1085 2552 -
1117 2502 1219 2582 Quid
1248 2504 1331 2569 ais?

264 2605 419 2685 Nonne,
450 2610 494 2672 ut
525 2607 634 2691 ignis
666 2607 706 2672 in
735 2625 874 2690 aquam
904 2609 1113 2676 coniectus
1135 2611 1329 2676 continuo

240 2731 241 2734 ¹
264 2714 544 2797 restinguitur
566 2715 605 2778 et
627 2714 914 2798 refrigeratur,
938 2716 998 2788 sic
1019 2717 1227 2784 refervens
1251 2717 1334 2782 fal·

261 2837 345 2884 sum
375 2818 526 2884 crimen
556 2819 594 2885 in
625 2821 882 2904 purissimam
913 2824 952 2887 ot
973 2823 1330 2890 castissimamvi·

262 2929 340 2990 tarn
372 2925 567 2991 collatum
597 2927 740 2994 statim·
763 2929 1004 2994 conciditot
1025 2929 1329 3015 exstinguitur?

264 3067 305 3079 —
336 3032 507 3097 Roscius
540 3031 691 3097 socium
724 3034 942 3102 fraudarit.
987 3033 1130 3102 Potest
1160 3037 1232 3102 hoc
1261 3037 1329 3101 ho·

126 3167 127 3170 ¹
261 3138 359 3202 mini
393 3137 487 3202 huic
507 3137 656 3203 harere
677 3144 921 3221 peccatum?
949 3143 1088 3225 Apparet
1117 3143 1329 3208 referrens

262 3246 410 3310 crimen
434 3262 487 3326 por
509 3261 542 3308 se
565 3263 656 3328 praue
680 3247 712 3310 et
733 3247 880 3314 inusitate
903 3247 974 3320 dici.
997 3247 1110 3314 sicum
1133 3248 1326 3314 collatum

261 3351 476 3434 coniungatur,
513 3351 749 3417 alterumntrnm
777 3354 974 3437 perticipium
1005 3373 1130 3437 prorsus
1162 3356 1326 3431 abundare,

167 3541 168 3544 Ἴ
261 3475 332 3522 cum
361 3456 531 3538 praesertim
560 3457 618 3522 hoc
649 3459 886 3542 comparationis
913 3461 1086 3528 membrum
1114 3463 1262 3544 superiori
1285 3463 1329 3530 sic

261 3563 454 3645 respondeat,
486 3565 519 3628 ut
546 3561 665 3629 duobus
693 3567 794 3633 verbis
817 3568 1108 3652 (restinguitur
1136 3570 1176 3634 et
1203 3570 1327 3636 refri-

259 3669 440 3752 geratur)
476 3669 534 3734 dno
571 3671 664 3736 verba
700 3676 905 3756 exaequentur,
941 3675 995 3740 uui
1030 3671 1193 3758 participio
1230 3697 1326 3743 unum

81 3861 84 3868 Ι
184 3781 186 3786 ’
260 3773 456 3858 participium
486 3777 591 3842 referri
621 3778 741 3852 debeat,
764 3777 824 3862 duo
846 3779 957 3846 vitiose
980 3781 1160 3850 reterantnr.
1220 3782 1326 3849 Cicero

260 3882 424 3964 scripserat
445 3886 584 3952 tantum:
614 3884 673 3950 sic
700 3885 910 3952 refervens
941 3887 1086 3954 falsum
1113 3887 1264 3955 crimen
1286 3891 1325 3955 in

260 3989 517 4070 purissimam
547 3994 586 4057 et
614 3989 889 4058 castissimam
919 3995 1043 4060 vitam
1065 3995 1207 4061 statim
1232 4015 1328 4062 oon·

261 4095 367 4160 cidit
388 4098 427 4160 et
448 4096 751 4182 exstinguitur?
766 4095 829 4163 'Ad
846 4099 1112 4184 interpretandum
1125 4102 1328 4187 participium
