3012 4652
562 303 701 360 Ciceronis
720 304 865 359 orationes.
1145 304 1205 368 153

179 504 331 567 tantam
354 519 483 567 rorum
511 501 823 586 repugnantiam
850 521 924 568 non
953 502 1092 568 videas
1122 520 1246 586 prorsus

179 607 334 673 inutiliter
355 607 482 674 additur
499 609 601 692 gravis
616 607 801 674 asseveratio
816 609 1033 691 (profecto).
1076 608 1112 673 lu
1127 608 1247 674 Halmii

179 715 366 780 correctione
389 735 512 800 prorsus
533 733 675 798 perverse
697 716 883 780 concurrunt
904 716 972 781 duae
994 713 1155 781 sermatiae
1174 732 1246 779 cau·

179 823 380 888 saleseodem
396 824 571 905 spectantes
587 819 867 904 (quia-nihil
889 821 1017 905 sapis,
1040 822 1245 904 qui-non

179 928 342 1006 videas).
381 929 486 994 Cicero
509 929 671 1012 postquam
695 927 867 994 Antonium
889 929 1024 995 audaciae
1046 927 1245 1006 insimulavit,

178 1052 236 1098 uon
260 1037 362 1117 potest
384 1053 495 1118 negare
518 1034 677 1101 audaciam
698 1033 779 1100 hauc
800 1053 875 1114 esse,
899 1036 954 1102 scd
975 1054 1045 1101 oum
1068 1034 1246 1118 exceptione

179 1145 210 1207 et
232 1141 408 1208 condicione
431 1141 541 1220 dicere,
565 1141 590 1206 si
612 1141 740 1208 audacia
762 1142 828 1208 haeo
849 1161 908 1208 uon
930 1144 980 1222 sit,
997 1139 1165 1207 stultitiam
1179 1158 1246 1206 esse

179 1251 210 1312 et
231 1267 266 1314 er
287 1247 346 1314 hae
367 1267 427 1313 una
448 1247 585 1314 stultitia
607 1247 750 1331 intelligi,
779 1268 871 1332 quam
895 1248 974 1314 nihil
998 1247 1121 1314 omuino
1145 1249 1247 1330 sapiat

179 1353 340 1420 Antonius.
364 1353 899 1438 ltaquesicsoripsitz<Si>haec
921 1358 963 1420 tu
985 1374 1059 1420 non
1082 1358 1247 1437 propter

178 1462 385 1528 audaciam
409 1459 512 1526 dicis
534 1462 613 1528 tam
636 1461 908 1545 impudenter,
938 1462 1006 1527 sed
1038 1463 1129 1546 quia
1157 1465 1246 1527 tan-

131 1581 135 1588 ·
178 1568 258 1634 tam
280 1586 410 1634 rerum
432 1567 744 1652 repugnantiam
767 1587 841 1634 non
864 1568 1019 1645 videas,
1036 1565 1246 1650 nihilpro-

177 1675 284 1741 iecto
306 1674 425 1759 sapis.
478 1675 544 1738 lam
565 1674 683 1740 rectum
715 1676 762 1740 est
783 1673 939 1753 videas,
970 1674 1043 1758 quia
1073 1672 1246 1740 condicioni

177 1782 302 1847 incerta
326 1781 487 1848 subiicitur
509 1798 611 1846 causa.
668 1780 790 1846 lrlroidit
823 1785 857 1847 si
889 1784 958 1864 post
990 1782 1024 1846 ri
1058 1781 1245 1859 (circum-

177 1889 333 1966 sederi).

278 1994 356 2061 lbid.
369 1994 427 2059 91:
450 2013 524 2078 quo
546 1993 705 2078 quidem
730 1996 837 2061 iacto
859 1996 1017 2060 tantum
1039 1995 1245 2076 teeepisse

178 2101 311 2168 odium
348 2103 464 2186 regni
500 2101 733 2179 videbatur,
777 2105 820 2167 ut
858 2102 922 2168 eiu
958 2120 1068 2167 omen
1104 2120 1244 2167 nomen

177 2213 342 2292 propter
376 2207 593 2291 proximum
632 2207 852 2274 dictatoris
887 2211 1033 2274 metum
1062 2208 1244 2274 tolleres.

179 2315 231 2383 Sic
246 2316 315 2381 Vat.
342 2316 495 2382 Antonius
517 2334 573 2380 sua
595 2316 663 2399 lege
685 2314 871 2381 dictaturam
893 2314 1054 2382 sustulisse
1075 2315 1245 2394 videbatur,
1309 2400 1310 2404 Ἰ

178 2425 259 2508 quod
281 2424 347 2490 eius
369 2425 490 2489 nomine
516 2423 616 2488 Oaesar
637 2441 712 2487 usus
734 2424 818 2488 esset
836 2421 949 2505 aliique
966 2422 1052 2487 usuri
1068 2423 1246 2488 viderentur

178 2530 217 2596 ad
248 2549 376 2615 regnum
409 2529 627 2613 obtegendum.
682 2529 791 2611 ltaque
821 2548 881 2596 uon
907 2548 1037 2614 regnum
1071 2529 1126 2593 aut
1158 2530 1244 2611 regni

178 2655 288 2704 nomen
309 2638 435 2721 propter
456 2634 614 2700 dictatoris
637 2636 765 2712 rnetuur,
796 2636 850 2700 sed
872 2638 995 2719 propter
1017 2636 1101 2718 regni
1126 2636 1244 2700 metum

180 2745 333 2810 dictatura
354 2743 476 2808 sublata
498 2744 553 2808 est.
588 2740 737 2806 Nomen
760 2779 801 2788 —
822 2741 995 2807 tolleres
1016 2742 1085 2824 post
1107 2739 1246 2824 superius

177 2849 255 2918 illud
274 2843 415 2916 vnomen
450 2885 489 2895 -
523 2846 740 2913 sustulisti
767 2847 1000 2914 vitiosissimam
1024 2847 1117 2914 habet
1143 2849 1245 2914 tauto·
1325 2843 1330 2853 '

177 2958 301 3042 logiam.
343 2955 521 3021 Ciceronem
543 2953 701 3038 scripsisse
723 2955 861 3037 suspicor
876 2955 915 3020 ad
931 2955 1008 3022 hauc
1022 2954 1084 3021 fere
1099 2956 1244 3021 formam:

176 3067 219 3130 ut
248 3065 335 3130 eius
362 3081 471 3128 omen
499 3062 719 3146 proximum
748 3060 968 3128 dictatoris
997 3065 1141 3128 metum
1164 3064 1245 3128 tol·

74 3251 77 3254 ,
177 3173 293 3238 leros.
327 3170 376 3234 Ad
399 3187 509 3234 omen
532 3169 655 3252 propter
669 3169 825 3252 superiora
840 3167 1070 3247 (dictaturae
1092 3179 1246 3248 nomen)

177 3278 344 3361 ascriptum
372 3277 419 3343 est
441 3295 588 3342 nomeu.
626 3276 703 3341 Cum
727 3295 786 3342 nou
802 3276 1029 3360 intelligeretur
1044 3278 1245 3359 appositionis

176 3386 282 3464 forma,
301 3383 409 3467 quain
424 3381 583 3447 dictatoris
598 3384 684 3447 metu
699 3401 788 3448 omen
812 3383 900 3468 regni
921 3385 1022 3448 inesse
1044 3382 1246 3465 significatur,

177 3490 318 3556 additum
341 3491 390 3556 est
410 3491 576 3571 propter.

278 3596 357 3662 ibid.
380 3596 416 3673 V,
440 3597 475 3660 ἵε
511 3595 635 3674 Quid?
670 3595 779 3659 Hanc
809 3595 938 3678 legem
973 3593 1144 3677 populus
1167 3593 1244 3659 Ro-

177 3702 511 3786 mauusaccepit?
534 3700 659 3782 Quid?
682 3698 1243 3782 Perauspiciaierripotuit?

177 3809 252 3874 Sed
276 3827 400 3893 augur
422 3808 671 3874 verecundus
694 3804 1245 3890 sinecollegisdeauspieiis.

176 3916 274 3981 Deest
294 3916 422 3981 verbum
444 3914 594 3992 (dicere
627 3933 701 3979 non
737 3912 859 3979 audet
892 3914 947 3979 aut
968 3911 1075 3977 simile
1103 3910 1243 3993 aliquid),

177 4025 318 4105 superest
339 4021 490 4104 particula
511 4020 712 4086 adversativa.
767 4021 882 4086 Verum
915 4020 946 4084 iu
981 4019 1038 4086 hac
1070 4019 1136 4101 ipsa
1167 4019 1246 4083 latet

177 4127 243 4193 sine
266 4128 369 4207 dubie,
393 4127 474 4211 qued
504 4126 703 4209 requirimus:
733 4127 813 4194 Silet
839 4145 966 4210 augur
993 4124 1243 4192 verecundus

176 4253 200 4300 s.
225 4253 250 4300 c.
274 4235 318 4300 de
341 4233 549 4316 auspiciis.
