3008 4654
279 254 339 316 mo
645 255 894 324 mmmm

240 450 321 518 Nam
344 449 425 516 riam
448 452 515 535 ipso
539 452 692 520 montium
714 453 861 520 vocabulo
882 451 1049 534 significari
1064 469 1187 533 prorsus
1201 449 1306 531 inepte

238 557 414 642 fingeretur,
439 560 582 643 quoniam
605 560 746 626 incursus
770 577 824 641 per
844 557 966 624 montes
986 559 1158 623 contrarius
1179 560 1227 622 eat
1248 557 1306 620 viae

239 665 341 747 planis
363 666 439 732 locis
461 668 598 737 munitae.
631 665 809 734 Admodum
832 666 971 749 suspicor
992 665 1133 730 aTacito
1156 663 1306 746 scriptum

239 773 349 850 fuisse:
370 771 447 843 alii
471 772 524 840 ria
543 772 654 838 iuter
675 774 883 855 <nonns>
906 770 1195 855 Mosellamque
1228 771 1308 834 ilu-

240 899 270 944 m
280 899 325 944 an
341 880 409 957 cet,
426 897 619 961 erroremque
634 880 782 948 obiecisse
798 877 950 963 syllabam
966 878 1127 944 modaitio
1144 875 1308 958 utriusque

240 985 373 1052 nominis
395 986 540 1068 positam.

342 1149 420 1216 lbid.
443 1152 481 1226 V,
504 1153 523 1211 4
546 1152 611 1229 (ubi
633 1151 737 1238 agitur
759 1150 797 1216 de
820 1152 929 1230 causis,
956 1169 1012 1215 cur
1033 1149 1165 1232 septimo
1189 1166 1309 1232 quoquo

242 1257 293 1322 die
315 1256 413 1322 Iudaei
434 1257 532 1322 otium
555 1261 676 1341 agano:
707 1276 777 1323 sen
798 1254 900 1341 quod
922 1259 966 1322 de
989 1259 1141 1340 septem
1165 1252 1310 1320 sideri-

241 1364 331 1441 buS,
353 1363 442 1447 quis
465 1366 657 1431 mortales
680 1370 894 1450 reguntur,
923 1361 1131 1428 altissimo
1157 1361 1250 1426 orbe
1273 1365 1312 1424 eb

242 1471 442 1553 praecipua
479 1471 663 1555 potentia
698 1471 826 1538 stella
858 1469 1025 1536 Saturni
1059 1470 1231 1544 feratur,
1267 1486 1311 1532 ac

243 1576 435 1660 pleraque
469 1579 692 1644 caelestinm
727 1578 804 1643 rim
837 1596 944 1642 suam
979 1579 1019 1642 et
1050 1594 1190 1642 cursus
1220 1592 1312 1655 sep-

242 1684 364 1749 timos
393 1703 462 1768 per
491 1704 675 1752 numeros
706 1687 985 1751 commearent.
1039 1683 1090 1748 Sic
1111 1681 1204 1748 codex
1229 1678 1311 1744 bled.

244 1787 364 1856 Omitto
387 1790 589 1857 substitutum
621 1794 650 1857 in
681 1791 787 1857 multis
818 1792 1005 1857 editionibus
1039 1809 1074 1868 er
1107 1785 1313 1853 deterioribus

243 1897 399 1963 codicibus
420 1898 606 1964 infinitivum
629 1917 867 1976 commeare,
899 1899 1021 1964 sublata
1043 1897 1188 1961 orationis
1205 1893 1314 1968 ,cohe-

243 2007 351 2082 rentia
374 2007 625 2090 accusativosque
648 2007 723 2072 rim
748 2008 779 2070 et
801 2025 942 2071 cursus
958 2007 989 2069 in
1007 2002 1157 2070 ablativos
1176 2003 1313 2069 mutatos

244 2129 315 2174 cum
336 2111 519 2177 inanissima
539 2112 727 2178 abundantia
743 2113 794 2189 (ri
816 2117 854 2178 et
878 2129 995 2175 cursu
1017 2127 1236 2176 commeare
1259 2126 1314 2192 pro

245 2236 291 2296 eo,
317 2216 398 2299 quod
424 2220 479 2283 est·
493 2218 623 2300 simplex
647 2226 889 2297 commeare).
942 2217 1037 2284 Recte
1060 2216 1183 2300 Lipsius
1206 2214 1313 2279 etalii

244 2322 440 2389 transitivum
462 2325 589 2390 verbum
612 2325 726 2412 requiri
748 2323 979 2402 intellexerant3
1003 2323 1055 2389 sed
1072 2321 1154 2406 quod
1175 2321 1314 2405 plerique

242 2430 471 2496 conficiant
491 2432 583 2498 scribi
606 2435 777 2514 voluerunt,
810 2438 842 2497 et
871 2430 993 2516 longius
1016 2430 1186 2495 discedite
1209 2447 1314 2492 oom-

245 2542 423 2602 mearent
456 2542 487 2604 et
519 2540 621 2606 minus
653 2540 814 2606 sententie
847 2543 953 2622 aptum
993 2539 1057 2614 est;
1093 2553 1193 2620 nequa
1229 2535 1313 2599 enim

243 2643 345 2708 sidera
366 2646 469 2709 omnia
490 2666 596 2713 cursus
619 2649 767 2713 conticere
788 2665 844 2729 per
865 2643 1014 2729 septimos
1034 2662 1175 2708 numeros
1190 2642 1311 2706 veteres

245 2751 397 2831 putabant
419 2753 488 2830 (boo
522 2756 578 2832 est,
612 2774 666 2840 per
697 2757 816 2837 septem
846 2773 942 2818 annos
972 2769 1133 2817 mensesre
1162 2749 1216 2813 ant
1238 2745 1316 2823 dies,

246 2857 305 2922 etsi
327 2857 491 2925 dicendum
515 2864 581 2925 arat
602 2879 671 2943 per
700 2863 891 2944 septenos
922 2865 1134 2936 numeros),
1157 2853 1220 2930 sed,
1244 2872 1314 2918 cunr

245 2962 307 3028 alia
336 2965 413 3031 alios
446 2985 552 3032 cursus
586 2967 741 3046 baberent,
776 2967 909 3050 septimo
940 2983 1060 3050 quoque
1091 2980 1168 3027 auno
1198 2965 1315 3029 anteo

248 3087 375 3135 numero
398 3069 601 3157 multiplicato
629 3073 670 3140 ad
698 3073 833 3141 similem
864 3072 1016 3156 quandam
1047 3071 1164 3140 statum
1192 3067 1224 3132 et
1246 3083 1316 3130 cur-

247 3194 337 3240 suum
369 3181 551 3244 concentum
586 3182 695 3246 redire.
750 3181 851 3244 Huius
884 3179 929 3245 rei
961 3175 1149 3263 significatio
1186 3173 1318 3238 efficitur

247 3282 405 3349 lenissima
428 3285 617 3354 mutatione:
645 3288 722 3352 vim
744 3305 851 3352 snam
876 3287 914 3351 et
940 3302 1081 3351 cursus
1103 3281 1181 3359 (sire
1203 3299 1238 3344 er
1261 3278 1319 3342 de-

247 3383 426 3458 terioribus
446 3392 534 3459 libris
568 3412 725 3460 cursum
759 3394 890 3459 seribere
923 3390 1092 3468 malumus)
1121 3385 1319 3472 septimos

249 3515 317 3579 per
339 3517 524 3566 numeros
547 3502 746 3586 comparent.
1045 3484 1047 3493 ¹

347 3666 424 3730 lbid.
458 3668 514 3733 22:
549 3674 671 3752 utque
702 3668 749 3737 ad
778 3666 1001 3734 fallendum
1033 3661 1224 3739 silentio,
1261 3660 1321 3723 ita

249 3775 377 3855 coepta
399 3777 521 3852 cede,
543 3794 617 3858 quo
639 3777 730 3859 plus
752 3773 924 3842 terroris
945 3771 1161 3846 adderent,
1177 3767 1322 3832 cuncta

249 3877 497 3956 elamoribus
518 3883 755 3954 miscebunt.
796 3880 966 3948 Druissimo
989 3877 1039 3944 vel
1061 3875 1166 3960 potius
1188 3872 1321 3938 incredi-

249 3982 306 4048 bili
341 3991 502 4072 zeugmate
536 3989 710 4060 silentio
745 3988 943 4071 coniungitur
978 4001 1049 4052 cum
1083 3980 1137 4048 illo
1175 3981 1323 4046 cuncta
1442 4016 1449 4030 ·

247 4085 499 4172 clamoribus
521 4092 939 4180 miscebant-quoniam
954 4087 1040 4156 nnlla'
1061 4090 1110 4154 est
1131 4083 1326 4152 intermedia
