3008 4650
308 262 367 324 128
648 215 651 220 Ι
674 264 733 319 Lib.
752 264 787 318 II.
808 263 873 331 cap.
892 264 928 318 11.

264 459 378 526 crimen
411 461 574 540 pertineat,
607 461 726 526 nullum
758 461 874 528 factum
906 479 981 527 esse.
1035 460 1206 544 scripserat
1236 457 1333 543 igitur

265 564 385 632 dicero:
419 565 553 633 causam
584 585 777 652 nusquam
811 566 1002 634 Staienus
1032 585 1072 634 ea
1100 567 1141 634 dc
1174 584 1211 634 re
1243 566 1332 649 loge

265 670 380 737 dixit.
434 671 826 757 Propriumcrimen
855 674 962 741 illud
984 672 1225 759 quaestionis
1246 672 1332 738 eius

265 779 317 856 (de
340 777 514 858 maiestate,
538 799 598 864 qua
615 780 756 846 Staienus
772 781 935 846 damnatus
950 782 1010 857 est)
1031 799 1109 847 non
1127 780 1216 846 suit.
1250 778 1333 844 Satis

266 887 364 952 rideri
385 886 591 968 potestesse:
619 887 785 952 Onusam
809 907 837 952 r.
861 887 913 952 St.
937 905 981 952 oa
1002 887 1048 952 do
1071 906 1111 954 rc
1132 884 1252 962 dixit3
1279 885 1332 950 sed

266 1012 324 1060 non
346 991 484 1057 abundat
515 993 621 1076 lege;
648 992 841 1076 significatur
869 993 950 1071 enim
977 993 1125 1060 iactatam
1150 991 1280 1058 fortusse
1302 991 1334 1055 in

266 1097 441 1164 maiestatis
461 1095 579 1164 iudicio
602 1096 696 1164 ctiam
719 1103 816 1182 captae
837 1099 976 1182 pecunia
991 1099 1139 1166 invidiam
1156 1099 1259 1173 fnisse,
1279 1098 1334 1163 sed
1371 1116 1376 1126 ·

266 1204 441 1290 legitimum
464 1203 530 1269 eius
551 1204 597 1268 rei
617 1203 767 1270 iudicium
789 1225 847 1271 non
869 1205 1017 1284 fuisse.*)

366 1344 536 1411 Ibidlld:
558 1345 666 1429 Nego
688 1365 767 1412 rem
789 1365 877 1413 osse
898 1347 1021 1413 ullam
1042 1347 1080 1412 in
1102 1364 1333 1429 quemquam

267 1453 433 1519 illorum
460 1451 678 1526 obiectam,
701 1453 1058 1534 quaeFidiculanio
1081 1471 1154 1519 uon
1177 1452 1336 1518 obiecta

268 1561 339 1639 sit,
368 1558 528 1643 aliquid
558 1557 687 1624 inisse
719 1559 757 1623 in
788 1558 1040 1626 Fidiculanii
1069 1578 1203 1636 eausa,
1234 1559 1333 1642 quod

265 1667 369 1733 idom
392 1683 466 1731 non
488 1666 599 1730 esset
622 1665 660 1730 in
683 1667 920 1732 ceterorum.
966 1668 1035 1732 Duo
1056 1665 1164 1752 gravia
1184 1663 1336 1731 hiclccus

267 1770 413 1838 orationis
449 1773 525 1838 vitia
556 1771 660 1837 habet.
713 1772 853 1838 Primum
887 1773 1010 1839 etiamsi
1042 1773 1152 1838 Latino
1184 1770 1337 1837 diceretur

267 1879 447 1945 obiicere
469 1879 508 1944 in
531 1880 707 1963 aliquem
731 1898 785 1961 pro
808 1895 853 1960 eo,
887 1879 967 1962 quod
998 1880 1045 1944 est
1068 1877 1208 1953 alicui,
1232 1882 1335 1944 tumen

267 1986 371 2052 Cicero
386 1986 418 2051 in
433 1985 492 2052 hac
512 1986 735 2052 contrariorum
749 1984 896 2051 relatione
911 2004 972 2051 non
992 1985 1121 2050 dixisset
1141 1985 1181 2050 in
1202 2003 1336 2068 quem-

268 2112 383 2176 quam
412 2129 453 2140 -
484 2090 753 2158 Fidiculanio.
807 2090 925 2157 Deinde
955 2109 973 2154 a
1006 2090 1149 2176 legitima
1174 2097 1334 2159 eonsuetu-

268 2200 341 2265 dino
373 2198 517 2265 abhorret
548 2217 646 2283 nego
684 2235 725 2246 -
763 2197 923 2281 aliquid
963 2198 1105 2264 fnisse.
1166 2198 1338 2281 Scripserat

269 2305 389 2372 Cicero:
427 2303 537 2389 Nego
574 2324 651 2370 rem
690 2323 777 2370 esse
808 2305 930 2371 ullam
965 2304 1133 2392 quoiquam
1170 2305 1335 2371 illorum

268 2413 484 2490 obiectam,
509 2429 591 2494 qnae
612 2411 875 2478 Fidiculanio
897 2430 970 2477 non
992 2411 1154 2478 obiecta
1175 2413 1244 2487 uit,
1278 2415 1337 2478 aut

269 2519 442 2607 quidquam
467 2517 598 2584 fuisse
626 2518 664 2583 in
694 2517 949 2584 Fidiculanii
978 2537 1098 2585 causa
1123 2519 1180 2584 cet.
1230 2518 1336 2584 Priore

267 2628 333 2693 loco
356 2625 394 2691 in
416 2629 523 2691 natum
549 2631 597 2691 est
618 2644 654 2691 ox
677 2624 861 2709 praecedenti
883 2624 989 2691 littera
1010 2645 1051 2691 m.

369 2754 447 2822 Ibid.
473 2755 547 2846 127:
579 2755 623 2820 In
645 2754 699 2821 Μ’.
723 2753 931 2837 Aquilium
961 2755 1001 2819 et
1028 2755 1068 2820 in
1095 2755 1150 2820 Ti.
1173 2755 1335 2822 Guttam

269 2861 386 2929 uideo
422 2879 509 2928 esee
545 2861 831 2942 subscriptum.
875 2859 976 2939 Quid
1008 2862 1070 2927 est
1103 2861 1196 2927 hoo?
1231 2859 1337 2926 Duos

269 2988 356 3034 esse
388 2968 601 3050 corruptos
634 2965 742 3032 solos
774 2967 969 3050 pecunia?
1014 2966 1176 3047 Dicunt;
1210 2969 1337 3034 ceteri

270 3073 468 3140 videlicet
489 3070 621 3158 gratis
644 3073 969 3140 condemnarunt.
1002 3072 1112 3158 Neque
1135 3073 1220 3140 brevi
1241 3075 1337 3140 inter-

270 3181 423 3266 rogationi
454 3179 493 3245 de
525 3182 569 3245 rei
602 3179 851 3245 commemoratae
881 3179 1104 3264 significatione
1124 3200 1161 3246 ac
1182 3182 1337 3247 momento

324 3449 350 3515 *)
370 3453 385 3512 ξ
403 3449 438 3504 46
456 3456 484 3505 et
503 3449 537 3507 st
559 3450 601 3504 bis
623 3466 674 3519 pro
697 3450 761 3504 iam
789 3450 961 3506 scribendum
988 3459 1031 3507 est
1059 3464 1135 3519 nanu
1165 3451 1339 3506 confirmatur

372 3541 452 3610 enim,
469 3542 541 3611 quod
553 3543 695 3613 praecedit‚
708 3559 764 3598 non
776 3549 949 3612 praeparetur
962 3559 1040 3599 nouae
1054 3546 1094 3600 rei
1108 3544 1338 3600 commemoratio.

373 3635 481 3704 [Altero
508 3637 570 3693 loco
597 3637 715 3693 correxit
742 3636 940 3707 Pluygersins]
982 3640 1051 3702 §76
1068 3653 1120 3707 pro
1145 3642 1339 3693 statuerunt

373 3729 544 3784 scribendum
574 3735 616 3785 est
642 3729 814 3798 statuerent,
842 3729 946 3785 causali
975 3729 1184 3800 significatione,
1213 3736 1276 3800 apte
1305 3729 1340 3785 ad

302 3835 305 3842 ·
372 3820 532 3891 imperfecta
558 3821 696 3890 primariae
722 3822 875 3877 sententiae.
922 3823 990 3887 §37
1015 3839 1076 3878 cum
1094 3823 1220 3880 Halmius
1238 3823 1340 3878 oblitus

372 3921 445 3970 esset
471 3915 565 3970 brevi
592 3914 653 3971 illo
680 3919 829 3983 tempore
856 3913 910 3968 dici
933 3915 969 3970 ud
992 3917 1106 3972 eandem
1123 3917 1238 3972 formam
1256 3923 1339 3986 utque

372 4009 490 4077 paucis
518 4009 591 4064 illis
618 4008 750 4074 diebus,
778 4005 963 4062 coniecturam
988 4010 1111 4066 inutilem
1128 4011 1228 4079 posuit.
1271 4011 1340 4076 Quid

373 4101 532 4170 Kayserus‘?
568 4102 634 4156 Tria
652 4101 700 4156 illu
718 4101 803 4156 uerba
821 4099 935 4171 delevit;
955 4108 1033 4158 tanta
1052 4109 1094 4156 est
1110 4102 1216 4157 leuitas.
