3008 4654
640 277 760 334 Tacitus.
1130 278 1204 342 ‘239'

266 471 479 542 Historiarum
500 475 553 541 lib.
577 475 617 550 ΙΙ,
641 472 659 536 7
682 474 749 552 (nbi
777 473 817 540 de
846 477 983 542 consiliis
1011 477 1044 542 ei
1069 476 1236 543 ratiocina-

165 579 298 644 tionibus
331 579 512 676 Vespasiani
548 586 580 649 et
612 582 748 648 Muciani
781 582 915 667 agitem:
951 601 1023 649 nee
1062 582 1239 660 referre,-

165 684 385 752 Vitellinm
426 705 472 752 an
512 687 711 756 ‘Othonem
755 689 1021 772 superstitem
1065 687 1234 754 fortuna
1372 697 1377 707 '

165 793 328 858 faceret
371 793 503 860 Rebus
524 794 716 860 secundis
743 796 866 861 etiam
895 795 1082 880 egregios
1111 795 1239 862 dunes-

164 896 1239 986 insolescer03discordiamhis,ignauiam‚luxuriem

165 1005 228 1078 (Mt
255 1001 445 1092 luxuriem
479 1008 520 1082 et
549 1010 721 1074 suismet
759 1009 878 1075 vitiis
911 1008 1084 1074 alterum
1105 1009 1231 1084 bello,

165 1113 338 1177 alterum
360 1113 537 1180 uictoria
558 1115 794 1197 periturum.
836 1115 877 1180 Ut
894 1116 1037 1181 omittam
1052 1115 1241 1198 pronomine

164 1217 228 1284 his
250 1218 327 1284 mim
348 1221 507 1304 tamquam
529 1220 568 1286 ab
590 1221 660 1288 aliis
683 1221 847 1288 Vitellium
871 1224 904 1288 et
921 1221 1074 1288 Othonem
1094 1222 1238 1306 separari

164 1342 264 1407 neque
295 1327 391 1409 (quod
423 1329 513 1410 pauei
547 1330 663 1407 seiunt)
699 1329 809 1396 Latine
835 1329 992 1414 ignaviam
1023 1327 1079 1392 ant
1107 1324 1232 1392 fortitu·

165 1431 284 1510 dinem,
324 1432 382 1502 hoe
414 1436 471 1510 est,
508 1435 587 1504 sitia
626 1439 681 1501 aut
718 1433 848 1502 uirtutes
886 1452 973 1501 esse
1011 1434 1137 1500 alieni
1170 1431 1238 1500 diei

164 1557 287 1620 proso,
310 1539 462 1624 quoiast
490 1561 578 1610 ease
611 1541 651 1607 in
679 1541 836 1625 aliquo,
869 1543 938 1625 quis
960 1561 1020 1608 uon
1044 1541 1154 1606 leviter
1175 1539 1231 1604 ad-

164 1645 300 1712 monitus
332 1649 429 1714 sentit
455 1649 590 1716 inaniter
624 1665 750 1730 prorsus
779 1648 850 1728 diei,
887 1649 968 1715 inter
1000 1642 1163 1713 Viteltiur'n
1200 1649 1241 1709 eu

164 1751 318 1818 Othonem
341 1752 529 1822 discordiam
551 1757 642 1820 esset>
686 1755 846 1820 Postremo
875 1754 954 1820 illud
975 1755 1149 1820 suismet
1170 1753 1232 1816 vi·

164 1859 238 1926 tiis
260 1859 424 1928 manifesto
446 1861 630 1928 eontrarium
653 1860 777 1944 ponitur
798 1860 894 1926 vitiis-
908 1863 938 1926 et
960 1859 1103 1926 interitus
1120 1858 1231 1934 nausis,

165 1984 232 2049 quae
253 1967 285 2030 in
306 1965 376 2032 aliis
397 1967 470 2033 sint.
513 1968 610 2034 Retia
630 1969 785 2035 sententie
807 1973 838 2034 et
858 1967 956 2034 oratio
979 1968 1045 2032 haee
1066 1965 1142 2031 erit:
1164 1963 1234 2032 uis-

164 2071 276 2139 eoriia
297 2072 418 2144 militis.
442 2073 585 2158 ignavia,
608 2075 738 2142 luxurie
768 2077 807 2141 et
836 2073 1009 2140 suismet
1029 2071 1149 2137 vitiis
1171 2070 1231 2155 al-

163 2182 291 2244 terum
316 2179 442 2256 bello,
465 2180 638 2247 alterum
661 2179 839 2247 uictoria
860 2180 1096 2263 periturum.
1119 2177 1230 2244 Ortum

167 2287 216 2349 est
236 2283 393 2364 mendum,
416 2305 485 2353 oum
508 2287 609 2370 prima
627 2286 732 2353 littera
747 2287 888 2354 voeabuli
911 2286 1063 2352 militis
1084 2283 1242 2367 superiori

166 2391 313 2458 vocabulo
335 2393 524 2460 adhaesisset.

266 2617 346 2684 Ibid.
363 2618 403 2681 76
419 2619 462 2696 (in
479 2619 616 2686 Muciani
631 2618 671 2685 ad
687 2618 909 2703 Vespasianum
933 2615 1099 2691 oratiorum:
1124 2613 1243 2679 Abiit·
1289 2603 1292 2610 ’

167 2725 241 2790 iam
279 2728 317 2791 et
352 2728 632 2793 transvectum
668 2730 729 2791 est
765 2727 949 2819 tempus„
983 2740 1057 2806 quo
1093 2739 1233 2804 posses

168 2831 298 2896 videri
334 2833 593 2916 ooneupisse;
629 2831 943 2916 confugiendum
978 2831 1041 2894 est
1076 2829 1121 2893 ad
1158 2829 1239 2893 im·

139 2981 141 2984 -
165 2937 329 3019 perium.
373 2941 499 3006 Frustra
519 2940 586 3006 haee
612 2941 774 3007 Emestius
804 2937 945 3020 expedire
968 2939 999 3001 et
1020 2934 1119 3019 lipsii
1141 2935 1238 3000 dubi*

165 3043 315 3110 tationem
352 3046 461 3112 tollere
498 3051 639 3122 conatum
683 3063 755 3110 nam
791 3063 825 3110 ex
860 3045 916 3120 iis,
951 3061 1020 3126 quae
1055 3043 1244 3126 praeeeduut·

166 3151 343 3226 (etiamsi
364 3152 443 3218 tibi
465 3172 580 3236 quam
600 3151 829 3232 inhonesta,
852 3153 930 3216 tam
954 3151 1040 3214 tuta
1062 3151 1243 3215 servitus

167 3261 297 3335 esset),
319 3259 549 3341 apertissimum
569 3261 618 3325 est
639 3259 697 3324 hoe
718 3258 898 3325 Mucianum
920 3257 1031 3333 dicere,
1056 3255 1155 3320 abisse
1171 3254 1242 3318 iam.

165 3362 196 3425 id
229 3363 362 3448 tempus,
395 3384 455 3448 quo
487 3366 544 3430 sub
577 3365 677 3447 speeie
710 3367 813 3448 aliqua
846 3361 1027 3430 innoeeutiee
1056 3363 1088 3424 et
1119 3357 1241 3442 qnietis·

165 3467 262 3535 latere
295 3471 503 3554 Vespasianus
536 3473 702 3555 potuisset,
735 3469 960 3552 manifestoque
995 3468 1057 3531 iam
1097 3465 1232 3529 affectati

165 3577 289 3659 imperii
312 3578 439 3644 erimine
462 3597 533 3643 eum
554 3579 733 3660 periturum,
756 3576 818 3642 nisi
833 3575 871 3641 ad
887 3571 1050 3656 imperium
1066 3569 1240 3655 confugiat..

168 3685 217 3748 Ad
240 3685 320 3750 hane
343 3684 528 3751 sententiam
558 3683 781 3749 accommodari
810 3681 903 3747 verba
930 3697 1071 3766 posses
1100 3676 1234 3743 videri

167 3791 408 3874 concupisse
434 3790 518 3856 nullo
547 3791 637 3856 modo
667 3789 804 3874 possunt,
827 3788 880 3854 sed
903 3805 1029 3870 prorsus
1048 3783 1235 3850 eontrarium

168 3897 352 3981 significant,
374 3898 476 3964 abisse
498 3899 558 3962 iam
585 3900 717 3978 tempus,
746 3913 806 3977 quo
832 3893 966 3976 suspicio
988 3892 1094 3975 aliqua
1115 3889 1239 3980 eupidi-

166 4005 241 4070 tatis
264 4003 387 4087 imperii
408 4009 440 4071 in
463 4003 688 4086 Vespasianum
710 4001 815 4068 eoniiei
839 4004 952 4083 posset.
1003 3998 1050 4076 lu,
1081 3996 1163 4081 quod
1186 4017 1233 4060 re·

167 4109 309 4194 quiritur,
340 4111 490 4176 efficietur
518 4127 580 4174 nna
608 4107 715 4173 littera
742 4111 872 4186 mutata,
905 4111 941 4173 ut
968 4105 1137 4172 scribatur:
1160 4123 1242 4188 quo
