3012 4652
553 293 692 350 Ciceronis
710 291 857 346 orationes.
1140 293 1197 356 145

271 492 334 559 Pro
358 491 457 558 Balbo
483 491 539 556 25:
561 491 669 556 Hanc
693 490 735 554 tn
757 489 904 573 igitur,
927 491 1094 572 patrone
1117 489 1238 554 foede-

169 617 252 664 rum
307 617 349 663 ac
403 599 707 675 feneratorum,
756 596 1036 662 condicionem
1084 595 1238 661 statuis

169 705 405 779 Gaditanis,
428 705 512 770 tnis
535 703 709 783 ciuibus,
730 704 787 778 ut,
810 702 912 786 quod
934 703 999 782 iis,
1022 721 1119 786 quos
1139 721 1239 786 mag-

170 813 233 877 nis
255 811 515 877 adiutoribus
538 811 621 876 tuis
650 810 771 875 armis
800 808 1033 893 subegimus
1057 809 1177 904 etque
1199 807 1238 871 in

169 917 371 984 dicionem
393 919 571 982 nostram
593 915 840 998 redegimus,
860 913 1003 993 liceat,
1019 913 1239 997 sipopulus

170 1027 372 1092 Romanus
393 1023 649 1106 permiserit,
672 1028 714 1087 ut
736 1026 781 1090 ab
804 1026 964 1104 senatu,
996 1022 1042 1088 ab
1063 1020 1238 1103 impera-

170 1131 331 1197 toribus
353 1131 509 1196 nostris
531 1130 706 1196 ciuitate
736 1132 952 1210 donentur,
983 1130 1023 1194 id
1044 1147 1090 1192 ne
1112 1127 1239 1192 liccat
1350 1141 1353 1148 “

66 1293 71 1304 .
169 1239 296 1322 ipsis?
340 1235 415 1316 Quae
442 1235 594 1302 sententia
623 1255 693 1302 esse
719 1239 838 1313 debeat,
870 1238 996 1304 dubium
1019 1255 1077 1302 non
1101 1236 1165 1312 est;
1186 1252 1240 1299 cur

170 1344 244 1412 ferri
267 1345 403 1410 codicum
427 1344 577 1427 scriptura
599 1345 742 1426 nequeat,
765 1345 840 1411 olim
862 1365 887 1410 a·
901 1363 952 1410 me
973 1343 1089 1410 dictum
1111 1342 1169 1415 est,
1184 1339 1240 1405 sed

168 1449 345 1536 corrigendi
367 1450 491 1516 initium
506 1450 670 1516 infeliciter
685 1452 810 1517 lactum.
846 1451 997 1517 Veritatis
1013 1451 1094 1515 enim
1110 1448 1241 1531 vestigia

168 1559 367 1624 continentur
395 1558 462 1641 ipso
491 1558 589 1640 primo
617 1558 650 1622 et
677 1559 810 1623 extremo
838 1558 987 1624 uocabulo
1009 1555 1179 1640 (magnis
1199 1590 1240 1600 -

170 1665 287 1744 tuis),
319 1684 447 1748 quorum
477 1683 512 1730 ex
539 1682 638 1730 errore
668 1664 753 1748 origo
781 1664 949 1746 probabilis
970 1663 1102 1728 inueniri
1121 1662 1239 1745 nequit

172 1771 278 1838 Unum
299 1772 448 1856 praeterea
477 1771 516 1836 ad
547 1771 793 1836 emendationem
825 1769 1045 1836 inveniendam
1073 1766 1241 1832 tenendum

172 1880 229 1957 est,
253 1897 314 1943 non
335 1877 409 1956 illis,
430 1877 483 1960 qui
509 1895 591 1944 nune
612 1879 684 1956 sint,
708 1877 869 1944 Gaditanis
891 1875 1108 1942 adiuuantibus
1125 1875 1241 1956 Hispa-

171 2004 225 2050 nos
256 2005 275 2049 a
304 1983 453 2050 Romanis
480 1984 623 2063 subactos
653 1982 832 2048 Ciceronem
861 1985 971 2058 dicere,
1000 1984 1055 2049 scd
1076 1983 1242 2048 maioribus

173 2109 287 2156 eorum.
341 2089 512 2173 Scripserat
543 2091 626 2155 enim
654 2087 759 2155 cicero
791 2090 830 2154 ad
857 2089 937 2156 hano
964 2091 1096 2156 formam
1122 2091 1155 2154 et
1175 2075 1242 2156 sine

171 2196 267 2262 dnbio
291 2197 338 2262 bis
359 2196 437 2279 ipsis
459 2195 575 2262 verbis:
606 2215 705 2279 quos
734 2197 891 2281 magnis
919 2195 1066 2280 adiut<i
1087 2195 1242 2285 opibusa
1299 2202 1304 2210 '

172 2302 390 2385 mai>oribns
419 2302 503 2368 tuis
534 2303 655 2368 armis
683 2303 927 2387 subegimus.
977 2304 1108 2370 Librarii
1135 2303 1242 2371 oculus

171 2410 328 2476 aberravit
359 2411 398 2476 ab
432 2409 596 2493 iopibns
629 2410 667 2474 ad
700 2409 857 2476 ioribus
896 2410 1008 2475 mediis
1041 2411 1243 2477 transmissis.

173 2515 255 2598 Apte
277 2534 371 2599 opes
393 2515 600 2594 nominantur,
623 2516 697 2599 quia
713 2516 850 2598 pecuniis
865 2514 1021 2598 copiisque
1036 2518 1134 2600 magia
1149 2536 1241 2600 quam

173 2623 268 2688 armis
301 2621 438 2706 virisque
470 2621 754 2687 sumministrandis
789 2620 936 2688 Gaditani
967 2622 1122 2688 Romanos
1153 2623 1242 2689 adin-

172 2731 291 2794 verant
337 2727 432 2794 Paulo
465 2729 536 2811 post
564 2728 773 2794 certissimum
802 2729 850 2793 est
880 2727 1056 2793 Ciceronem
1085 2731 1242 2813 scripsisse

175 2837 340 2900 externa
360 2835 526 2900 uirtute.
571 2834 757 2900 Incredibile
780 2836 827 2900 est
849 2833 951 2911 inisse,
976 2837 1029 2918 qui
1049 2855 1110 2902 non
1124 2837 1244 2902 uideret

174 2941 254 3006 banc
287 2941 387 3024 ipsam
414 2941 653 3026 geminationem
688 2941 1011 3025 alienigenarum
1042 2941 1244 3009 hominnm

175 3047 331 3112 studiis
351 3051 474 3132 atque
497 3049 664 3114 externa
685 3049 841 3114 virtute
866 3066 989 3130 prorsus
1010 3048 1244 3116 esseOioeroni·

176 3172 265 3220 anam
291 3153 341 3219 vel
366 3156 469 3238 potius
498 3154 638 3220 omnium
667 3155 824 3220 oratorum
852 3171 1056 3221 communem.
1105 3157 1245 3239 Ipsorum

176 3260 348 3341 hominum,
376 3262 431 3346 qni
451 3261 585 3326 militare
606 3280 661 3344 pro
683 3261 830 3327 Romanis
852 3263 1037 3341 veterentur,
1059 3263 1175 3328 virtute
1197 3264 1246 3328 illi

176 3367 385 3450 privabantur,
422 3387 484 3434 non
518 3367 656 3450 paterna,
681 3387 759 3450 ,qua
794 3386 867 3433 sane
898 3367 976 3432 nihil
996 3387 1062 3433 rem
1090 3370 1243 3451 publicam

176 3472 318 3540 iuvisset.

279 3589 358 3657 lbid.
381 3589 436 3656 33:
471 3590 587 3657 Nihil
616 3590 774 3657 omnino
796 3609 977 3674 nmquam
1001 3592 1045 3657 de
1065 3591 1148 3658 isto
1170 3591 1243 3657 foe-

177 3697 270 3763 dere
298 3698 344 3763 ad
372 3697 578 3782 populum,
608 3697 715 3763 nihil
746 3697 793 3763 ad
819 3696 976 3780 plebem
1003 3695 1245 3766 latumesse

175 3869 412 3880 m...-

280 3954 340 4022 (pro
353 3951 487 4024 luerit),
501 3960 686 4025 antequam
699 3953 916 4023 designatus
934 3957 1001 4021 est,
1014 3952 1245 4027 decreta-pro·

279 4045 397 4102 vincia.
435 4046 596 4112 concessive
620 4048 673 4103 lroc
697 4046 808 4113 dicitur;
834 4045 937 4103 deinde
959 4051 1052 4104 orator
1075 4052 1156 4118 urget
1177 4064 1248 4104 nova

279 4137 507 4209 interrogatione:
526 4138 696 4198 sortietur
714 4156 758 4198 an·
771 4141 858 4196 non?

1011 4243 1048 4300 10
