2974 4660
309 263 351 326 46
674 263 737 320 Lib.
755 263 777 320 L
797 264 864 332 cap.
880 261 932 316 m.

271 461 500 547 κληρονομίας
522 463 576 527 καί
599 457 665 546 σήν
686 463 755 528 τῶν
770 454 917 549 α’γαθσῖν
929 459 1118 546 μετουσίαν
1132 473 1204 533 τοῖς
1221 453 1340 530 αὐτοῖς

269 562 493 636 α’ποδέδακεν.
551 569 713 635 Sententia
733 569 896 651 perspicua
917 571 973 648 eat
995 568 1107 650 quibua
1128 585 1221 632 onera
1242 567 1274 632 et
1294 565 1339 629 in·

269 675 431 741 eemmoda
451 676 718 759 propinquitatum
737 675 788 740 lex
801 675 951 758 imponat,
966 675 1078 740 iisdem
1093 692 1161 738 eam
1177 671 1338 738 oemmeda

269 784 300 846 et
321 780 474 848 utilitates
496 802 601 848 aamm
623 783 690 847 iure
711 782 858 848 tribuere.
914 782 951 845 In
972 780 1082 853 verbis,
1104 781 1140 846 ut
1160 796 1242 843 nune
1263 777 1339 842 aeri-

267 889 392 966 buntur,
413 888 549 972 primum
571 891 640 972 ipsa
660 888 855 971 inaequalitas
876 888 1086 952 membrorum
1108 887 1187 952 inter
1209 903 1242 950 ae
1257 884 1338 950 reln-

266 997 367 1060 ternm
393 995 531 1081 offendit,
554 995 635 1078 qued
657 996 688 1060 in
710 995 811 1078 priore
833 999 1039 1079 appeltam
1059 1000 1239 1060 metanoeae
1261 990 1337 1056 seri-

266 1101 352 1166 bitur
373 1101 480 1167 addlte
504 1102 669 1175 infinitivo,
693 1101 724 1166 in
746 1101 845 1166 altero
860 1099 960 1164 solum
975 1093 1203 1183 emollierat,
1225 1097 1336 1164 deinde

267 1208 372 1272 autem
407 1207 506 1274 multe
542 1208 676 1292 manius,
714 1207 794 1289 qued
834 1215 1013 1275 ποιεῖσθαι
1050 1208 1137 1275 nullo
1173 1207 1264 1272 mode
1298 1203 1337 1269 ad

267 1306 408 1400 denqiue
439 1315 662 1380 accommodari
691 1315 794 1397 petest
821 1331 878 1379 nee
906 1317 1012 1380 tamen
1034 1315 1168 1380 alterum
1193 1313 1337 1379 substan·

267 1419 368 1485 tivum
390 1421 573 1504 simpliciter
602 1442 672 1486 eum
700 1425 907 1504 προσέτασσε
936 1421 1090 1505 coniungi,
1112 1419 1245 1486 ultorum
1267 1423 1338 1483 euui

268 1534 460 1594 ποιεῖσθαι.
508 1528 648 1611 Apparet
679 1546 803 1610 prorsus
834 1526 1008 1593 tollendum
1044 1546 1112 1594 esse
1148 1533 1336 1602 ποιεῖσθαι,

266 1653 321 1716 pro
346 1653 406 1718 que
428 1633 534 1716 opinor
557 1633 651 1698 etiam
669 1635 776 1700 Graeee
798 1648 913 1700 ποιεῖν
937 1635 1101 1701 dicendum
1122 1633 1228 1699 inisse.
1266 1628 1337 1705 Τδς

266 1734 409 1828 α’ταχίας
430 1739 563 1824 intelligi
584 1740 797 1806 calamitatum
812 1740 1063 1820 sublevationem,
1080 1739 1338 1825 quemadmodum

268 1842 416 1922 ἐκδόσεις
439 1848 559 1912 dotium
581 1847 850 1929 comparationem¹
874 1866 935 1914 nen
957 1866 1032 1930 epus
1056 1849 1103 1912 eat
1125 1846 1198 1911 diei.

365 2056 490 2132 XLVII,
527 2057 544 2117 ’ί
578 2061 610 2122 et
642 2058 676 2122 8:
711 2067 748 2124 οἵ
775 2083 814 2144 με
842 2051 920 2124 οὐδὲ
950 2057 1016 2122 νῦν
1044 2082 1098 2122 πω
1126 2058 1274 2141 τολμῶσι
1297 2052 1335 2123 τό

267 2165 363 2250 σῶμα
386 2165 448 2248 τῆς
470 2156 663 2249 οἷνθροίπον
685 2165 915 2250 παραδοῦναι,
939 2160 1033 2230 naen
1057 2170 1187 2250 ἔφασαν
1206 2188 1334 2248 προκα-

268 2274 434 2338 λέσασθαι
468 2267 530 2336 τόν
566 2266 755 2358 Θεόφημον
788 2273 842 2338 καί
876 2265 1114 2357 ἐμαρτύρησαν
1147 2265 1251 2357 αὐτῷ,
1281 2273 1335 2348 καί

267 2372 337 2463 τήν
370 2380 437 2462 μὲν
465 2377 660 2462 μαρτυρίαν
693 2386 776 2465 ἔργῳ
806 2378 998 2466 βεβαιῶσαι
1028 2370 1073 2452 οἷς
1094 2369 1232 2462 α’ληθής
1255 2383 1336 2454 ἐστι,

268 2486 322 2552 καὶ
345 2479 427 2558 σούς
446 2479 625 2570 μάρτυρας
647 2479 870 2573 α’πηλλοίχθαι
886 2485 947 2552 τοῦ
963 2478 1107 2572 α’γώνος,
1123 2481 1338 2569 παραδόντος

266 2587 305 2659 al
340 2593 436 2677 σῶμα
470 2593 534 2678 τῆς
571 2585 775 2677 α’νθροίπον,
803 2587 870 2677 τήν
897 2586 926 2660 δ’
953 2589 1144 2677 ἄνθρωπον
1173 2591 1337 2677 περὶτῆς

265 2701 379 2774 αἰκίας
399 2701 651 2785 βασανίζεσθαι
669 2726 697 2766 κ.
713 2727 742 2770 τ.
759 2702 788 2766 λ.
826 2700 982 2766 siveram
1005 2701 1088 2766 esset
1109 2691 1335 2783 παραδόντος,

266 2807 367 2874 audiri
401 2808 528 2873 deberet
562 2801 752 2893 Θεοφήμου
785 2809 839 2873 aut
871 2800 1004 2892 τούτου,
1038 2806 1120 2888 qued
1154 2805 1221 2872 fieri
1248 2807 1335 2872 nolle

264 2915 355 2997 paeto
376 2931 467 2995 pesse
496 2914 695 2979 manifestum
724 2914 781 2991 eat,
811 2913 956 2996 quoniam
983 2913 1087 2996 ipsum
1115 2913 1235 2996 pondus
1266 2931 1336 2978 son-

265 3018 373 3084 tentiae
395 3018 428 3082 in
450 3017 508 3084 hee
530 3037 641 3085 nemen
664 3022 718 3086 aut
738 3038 905 3102 pronomen
926 3019 1077 3086 inuideret
1098 3020 1130 3084 et
1148 3019 1180 3082 in
1194 3018 1263 3083 teta
1277 3019 1335 3083 hue

264 3123 388 3206 periodo
410 3122 449 3191 ¹lle
470 3123 631 3190 voluntate
656 3131 687 3190 et
708 3127 830 3192 aotiene
851 3127 979 3192 testium
1001 3127 1103 3210 agitur
1126 3125 1177 3210 (οἵ
1193 3149 1232 3209 με
1256 3118 1334 3190 οὐδὲ

265 3231 330 3298 νῦν
362 3256 415 3296 πο
448 3231 595 3315 τολμῶσι
625 3257 653 3298 κ.
682 3259 712 3298 π.
743 3235 795 3308 λ.).
850 3232 1050 3299 Seribendum
1084 3232 1132 3297 est
1163 3231 1335 3297 necessarie

265 3361 378 3423 παρα
391 3331 551 3412 δόντας.
596 3338 659 3422 lpei
680 3358 713 3406 ee
737 3341 832 3406 testes
855 3340 984 3405 liberere
1005 3335 1119 3403 iudicio
1135 3324 1335 3423 ψευδομαρ-

264 3444 389 3529 τυριῶν
409 3444 551 3510 debuisse
575 3445 796 3530 significantur,
817 3445 933 3512 tradita
946 3447 978 3511 in
994 3444 1194 3529 quaestionem
1210 3445 1333 3526 aneilla,

265 3551 411 3632 queniam
431 3549 477 3616 ita
498 3570 568 3616 enm
591 3551 790 3635 Theophemo
811 3552 1042 3635 propinquitate
1069 3552 1101 3616 et
1123 3570 1224 3617 rerum
1250 3571 1334 3618 eom-

265 3656 408 3721 muniene
430 3657 582 3724 eoniuneti
604 3658 676 3739 sint,
710 3659 745 3725 ut
773 3659 807 3725 in
829 3659 887 3725 hae
908 3678 941 3724 re
964 3657 1095 3724 eandem
1116 3661 1209 3742 atque
1232 3657 1334 3724 Theo-

263 3761 393 3844 phemua
424 3759 612 3846 potestatem
639 3767 788 3844 habeant3
820 3765 857 3831 ef.
887 3766 955 3844 §9-
1011 3764 1156 3830 Celerum
1195 3768 1334 3831 remanet

265 3868 379 3934 duritia
401 3871 546 3938 erationis
563 3872 596 3938 in
612 3874 825 3940 eoninnetiene
843 3870 988 3938 infinitivi
1004 3871 1153 3954 simplicis
1168 3871 1334 3958 (stafiacu-

265 3982 333 4056 our)
355 3979 388 4043 et
408 3979 575 4046 aoeueativi
598 3999 670 4046 oum
697 3979 849 4046 infinitivo
877 3977 961 4043 idem
984 3977 1157 4056 subiectum
1178 3977 1334 4053 habentis,

263 4083 302 4149 ad
326 4084 407 4170 qnod
431 4087 568 4164 verbnm,
584 4071 666 4153 unde
681 4086 803 4171 pendet,
820 4085 949 4151 refertur
963 4088 1013 4162 (οἵ
1029 4109 1068 4170 γε
1090 4131 1143 4152 ...
1160 4084 1333 4168 τολμῶσι).
