2974 4660
618 312 774 371 Athenaeus.
1149 313 1189 375 59

153 513 228 578 sive
249 510 330 592 quod
351 509 418 592 ipsa
441 526 522 575 cenae
544 526 603 573 non
626 509 809 586 interfuerit,
827 511 891 574 sive
907 512 988 595 quod
1003 511 1108 576 tantus
1123 510 1232 604 interi·

161 622 214 685 tus
236 617 384 682 bonarum
405 632 508 679 rerum
529 613 629 679 factus
651 613 701 679 sit.
751 616 787 680 In
817 615 931 682 litteris
962 617 1103 683 ιαπίοκοι
1132 619 1232 683 mani·

161 724 242 790 festo
264 722 343 787 latet
364 721 516 804 particula
538 714 588 786 ια’
611 720 683 798 (val,
716 720 743 786 si
772 723 838 787 haec
859 723 987 804 produci
1001 724 1118 807 nequit,
1140 720 1231 790 adel

159 834 194 895 et
215 829 441 894 substantivum
464 827 605 893 feminini
627 828 749 910 generis
779 828 911 911 querele
940 829 1066 907 sociam,
1096 829 1123 894 si
1150 830 1233 895 adsit
1262 825 1263 828 ’

161 939 218 1002 aut
240 935 390 1006 exaudiat,
412 934 549 1000 futuram
571 935 756 1020 significans.
787 935 871 1001 -Una
892 935 999 1002 littera
1021 938 1143 1002 mutata
1163 936 1230 1002 effi·

161 1043 243 1108 citur
266 1042 361 1122 καρίς
382 1050 412 1120 (e
434 1043 661 1107 crustaceorum
689 1051 822 1125 genere).
879 1041 996 1126 Opiuor
1027 1041 1124 1126 igitur
1155 1042 1232 1108 scri-

160 1148 310 1214 bendum:

245 1270 466 1364 περίσαμοῖ
495 1305 541 1364 με
575 1277 724 1344 καλοῦσα
758 1279 874 1364 καρίς
907 1303 956 1344 κα
993 1272 1096 1359 (κᾶν)
1128 1283 1231 1367 λέγοι,

875 1387 953 1469 φεῦ
976 1385 1043 1451 τῶν
1066 1388 1188 1452 κακῶν.

259 1513 340 1578 Nam
367 1512 541 1597 πιρίσαμα
565 1530 661 1579 unum
683 1512 870 1579 adiectivum
891 1514 1004 1595 plurali
1026 1534 1153 1582 numero
1176 1536 1230 1600 pro

162 1621 307 1686 adverbio
344 1621 479 1702 positum
509 1637 576 1684 esse
597 1619 661 1684 iam
681 1617 864 1684 Welckerus
893 1619 1045 1687 intellexit
1076 1623 1127 1699 (cf.
1151 1628 1230 1707 synt.

147 1725 259 1793 firme.
283 1728 302 1806 ξ
326 1725 366 1790 88
389 1745 407 1791 ο
427 1729 514 1801 not).

261 1917 295 1980 P.
308 1915 369 1979 282
382 1916 401 1980 d
413 1917 445 1982 et
456 1934 481 1982 e.
518 1914 720 1998 Epicharmus
741 1916 773 1979 in
795 1916 908 2001 fabula,
924 1911 992 2001 quae
1007 1919 1232 1986 inscribebatur

163 2024 310 2102 Μούσαι,
339 2026 375 2088 ut
406 2023 545 2089 solebant
571 2019 725 2086 interdum
755 2022 975 2089 comoediarum
1005 2026 1169 2109 scriptores
1198 2027 1231 2092 in

145 2149 302 2198 ⁵cenarum
332 2131 485 2212 apparatu
518 2128 715 2211 ciborumque
751 2129 915 2212 generibus
947 2129 1106 2213 splendide
1139 2133 1233 2217 longa

162 2255 305 2302 versuum
329 2237 407 2300 serie
429 2234 703 2300 commemorandis
725 2233 841 2309 ludere,
872 2236 973 2318 pisces
1001 2256 1086 2303 raros
1109 2243 1140 2305 et
1160 2258 1231 2322 pre-

163 2344 260 2409 tiosos
282 2342 396 2407 alicubi
418 2342 572 2425 appositos
595 2344 834 2416 enumeraverat,
852 2343 935 2408 inter
950 2363 1026 2427 quos
1043 2363 1124 2417 eum,
1140 2364 1232 2428 quem

161 2449 262 2515 Graeci
285 2451 391 2515 ἔλοπα
414 2447 619 2531 appellabant,
643 2448 696 2530 qui
718 2447 788 2514 aliis
803 2448 976 2515 nominibus
998 2453 1185 2537 καλλλχθσς
1200 2455 1233 2518 et

164 2551 398 2640 καλλιώνυμος
433 2554 608 2620 vocabatur.
655 2555 700 2620 Ex
733 2575 771 2620 eo
807 2553 919 2620 fabulae
951 2555 1017 2622 loco
1049 2558 1114 2624 haec
1149 2560 1231 2639 apud

165 2663 350 2728 Athenaeum
373 2666 544 2746 ponuntur:

210 2807 280 2878 Τόν
301 2841 337 2879 σε
361 2816 597 2898 πολυτίματον
620 2817 739 2890 ἔλοπα,
763 2807 782 2880 ὁ
804 2805 834 2879 ‹l'
856 2807 960 2888 αὐτὸς
979 2810 1101 2901 χαλκός
1117 2812 1230 2893 ὤνιος,

204 2930 263 2986 ἕνα
285 2915 408 3005 μόνον,
433 2923 487 2988 καλ
512 2921 616 3006 κῆνον
639 2916 657 2987 ὁ
679 2919 772 2994 Zarin
794 2923 896 3004 ἔλαβε
921 2913 1128 3007 κήκελήσατο

204 3033 379 3113 κατθέμεν
401 3021 491 3114 αὐτῷ
514 3033 551 3096 κε’
572 3035 604 3095 οἱ
627 3031 681 3096 καλ
704 3031 745 3117 τᾷ
768 3023 914 3116 δάμαρτι
937 3034 1087 3114 θωτέρω.

261 3169 399 3236 Primum
432 3173 561 3253 apparet
592 3171 763 3238 certissimo
795 3171 912 3238 indicio
945 3170 1090 3238 orationis
1123 3172 1230 3240 forma

146 3269 196 3358 ¹,(o‘
218 3269 247 3342 δ’
269 3269 388 3357 αὐτός)
418 3278 449 3342 in
476 3276 591 3342 litteris
620 3296 711 3343 sensu
738 3278 835 3358 cassis,
860 3274 984 3366 χαλκός
1013 3274 1112 3352 ὤνιος
1133 3279 1229 3346 latere

157 3383 291 3449 alterum
313 3383 407 3467 piscis
427 3401 538 3448 nomen
556 3383 813 3467 scribendumque
828 3403 894 3450 esse
907 3379 948 3450 :n‘
964 3378 993 3451 δ’
1008 3380 1113 3459 αὐτὸς
1135 3388 1228 3452 καλ-

161 3485 395 3574 λιώνυμος,
419 3509 456 3556 ex
477 3509 537 3574 quo
559 3489 698 3573 sequitur
719 3490 800 3572 opud
817 3489 922 3574 ipsum
936 3491 1118 3556 Athenaeum
1138 3491 1228 3572 paulo

159 3601 232 3665 ante
254 3618 308 3682 pro
331 3599 508 3685 σεσίγηκεν
530 3597 727 3664 scribendum
748 3615 815 3662 esse
837 3589 885 3661 ον’
907 3598 1095 3682 σεσίγηκεν.
1123 3595 1228 3678 Atque

159 3705 193 3770 id
215 3706 377 3788 perspicue
397 3703 466 3788 ipsa
487 3705 642 3770 sententia
662 3701 795 3785 requirit
816 3703 849 3767 et
869 3701 1014 3767 Athenaei
1043 3702 1226 3780 consilium;

160 3830 259 3895 neque
292 3811 373 3877 euim
407 3815 481 3887 erat,
516 3830 571 3876 our
603 3811 663 3876 dno
696 3810 796 3875 altera
829 3810 951 3882 ἔλοπος
987 3809 1111 3874 uomina
1146 3809 1227 3892 apud

161 3917 379 4002 Epicharmum
402 3938 461 3984 non
484 3918 548 4002 legi
570 3917 746 3998 annotaret;
780 3915 886 3981 contra
915 3915 1073 3998 aptissime
1095 3916 1225 3996 additur,

153 4043 200 4090 ne
233 4025 363 4090 alterum
396 4024 522 4108 quidem
557 4040 667 4089 nomen
698 4021 965 4102 epulchritudine
987 4021 1079 4106 piscis
1100 4023 1226 4088 ductum

149 4128 243 4213 apud
263 4131 485 4213 Epicharmum
507 4130 621 4195 deesse.
658 4127 773 4193 Verum
790 4127 838 4192 his
854 4126 998 4193 correctis
1014 4128 1225 4212 nihilomagis
