<?xml version="1.0" encoding="UTF-8"?>
<!DOCTYPE html PUBLIC "-//W3C//DTD XHTML 1.0 Transitional//EN"
    "http://www.w3.org/TR/xhtml1/DTD/xhtml1-transitional.dtd">
<html xmlns="http://www.w3.org/1999/xhtml" xml:lang="en" lang="en">
 <head>
  <title>
</title>
<meta http-equiv="Content-Type" content="text/html;charset=utf-8" />
  <meta name='ocr-system' content='tesseract 3.04.00' />
  <meta name='ocr-capabilities' content='ocr_page ocr_carea ocr_par ocr_line ocrx_word'/>
</head>
<body>
  <div class='ocr_page' id='page_1' title='image "./adversariacriti04madvgoog_0155.png"; bbox 0 0 3012 4652; ppageno 0'>
   <div class='ocr_carea' id='block_1_1' title="bbox 318 293 937 365">
    <p class='ocr_par' dir='ltr' id='par_1_1' title="bbox 318 293 937 365">
     <span class='ocr_line' id='line_1_1' title="bbox 318 293 937 365; baseline -0.016 -7"><span class='ocrx_word' id='word_1_1' title='bbox 318 295 379 361; x_wconf 65' lang='lat' dir='ltr'><strong>lm</strong></span> <span class='ocrx_word' id='word_1_2' title='bbox 681 293 937 365; x_wconf 55' lang='lat' dir='ltr'><strong>mmmm</strong></span> 
     </span>
    </p>
   </div>
   <div class='ocr_carea' id='block_1_2' title="bbox 275 487 1346 790">
    <p class='ocr_par' dir='ltr' id='par_1_2' title="bbox 275 487 1346 790">
     <span class='ocr_line' id='line_1_2' title="bbox 275 487 1346 571; baseline -0.01 -9"><span class='ocrx_word' id='word_1_3' title='bbox 275 494 407 561; x_wconf 91' lang='lat' dir='ltr'><strong>odium</strong></span> <span class='ocrx_word' id='word_1_4' title='bbox 435 493 607 558; x_wconf 92' lang='lat' dir='ltr'><strong>omnium</strong></span> <span class='ocrx_word' id='word_1_5' title='bbox 633 492 852 568; x_wconf 88' lang='lat' dir='ltr'><strong>bominum;</strong></span> <span class='ocrx_word' id='word_1_6' title='bbox 880 493 981 558; x_wconf 86' lang='lat' dir='ltr'><strong>multa</strong></span> <span class='ocrx_word' id='word_1_7' title='bbox 1005 491 1067 556; x_wconf 86' lang='lat' dir='ltr'><strong>alie</strong></span> <span class='ocrx_word' id='word_1_8' title='bbox 1089 489 1230 571; x_wconf 82' lang='lat' dir='ltr'><strong>exempla</strong></span> <span class='ocrx_word' id='word_1_9' title='bbox 1250 487 1346 553; x_wconf 79' lang='lat' dir='ltr'><strong>lexim</strong></span> 
     </span>
     <span class='ocr_line' id='line_1_3' title="bbox 275 595 1344 681; baseline -0.008 -14"><span class='ocrx_word' id='word_1_10' title='bbox 275 600 402 667; x_wconf 80' lang='lat' dir='ltr'><strong>habent</strong></span> <span class='ocrx_word' id='word_1_11' title='bbox 446 599 512 680; x_wconf 87' lang='lat' dir='ltr'><strong>[Sic</strong></span> <span class='ocrx_word' id='word_1_12' title='bbox 540 599 601 663; x_wconf 89' lang='lat' dir='ltr'><strong>iam</strong></span> <span class='ocrx_word' id='word_1_13' title='bbox 633 598 804 678; x_wconf 74' lang='lat' dir='ltr'><strong>Manutius,</strong></span> <span class='ocrx_word' id='word_1_14' title='bbox 836 599 889 681; x_wconf 91' lang='lat' dir='ltr'><strong>qui</strong></span> <span class='ocrx_word' id='word_1_15' title='bbox 922 597 1036 664; x_wconf 88' lang='lat' dir='ltr'><strong>codicis</strong></span> <span class='ocrx_word' id='word_1_16' title='bbox 1058 595 1251 680; x_wconf 82' lang='lat' dir='ltr'><strong>palimpsesti</strong></span> <span class='ocrx_word' id='word_1_17' title='bbox 1275 613 1344 660; x_wconf 89' lang='lat' dir='ltr'><strong>anc-</strong></span> 
     </span>
     <span class='ocr_line' id='line_1_4' title="bbox 276 704 683 790; baseline -0.01 -17"><span class='ocrx_word' id='word_1_18' title='bbox 276 709 435 774; x_wconf 84' lang='lat' dir='ltr'><strong>toritatem</strong></span> <span class='ocrx_word' id='word_1_19' title='bbox 455 704 683 790; x_wconf 79' lang='lat' dir='ltr'><strong>ignorabat.]*)</strong></span> 
     </span>
    </p>
   </div>
   <div class='ocr_carea' id='block_1_3' title="bbox 277 832 1346 1558">
    <p class='ocr_par' dir='ltr' id='par_1_3' title="bbox 277 832 1346 1558">
     <span class='ocr_line' id='line_1_5' title="bbox 378 832 1345 915; baseline -0.006 -15"><span class='ocrx_word' id='word_1_20' title='bbox 378 835 458 902; x_wconf 88' lang='lat' dir='ltr'><strong>Ibid.</strong></span> <span class='ocrx_word' id='word_1_21' title='bbox 477 837 533 900; x_wconf 80' lang='lat'><strong>75:</strong></span> <span class='ocrx_word' id='word_1_22' title='bbox 555 835 688 900; x_wconf 94' lang='lat' dir='ltr'><strong>Primo</strong></span> <span class='ocrx_word' id='word_1_23' title='bbox 710 853 841 900; x_wconf 90' lang='lat' dir='ltr'><strong>nonne</strong></span> <span class='ocrx_word' id='word_1_24' title='bbox 862 832 1144 915; x_wconf 78' lang='lat' dir='ltr'><strong>compensabit</strong></span> <span class='ocrx_word' id='word_1_25' title='bbox 1165 850 1249 898; x_wconf 90' lang='lat' dir='ltr'><strong>cum</strong></span> <span class='ocrx_word' id='word_1_26' title='bbox 1270 849 1345 895; x_wconf 89' lang='lat' dir='ltr'><strong>uno</strong></span> 
     </span>
     <span class='ocr_line' id='line_1_6' title="bbox 277 929 1343 1008; baseline -0.007 0"><span class='ocrx_word' id='word_1_27' title='bbox 277 940 482 1008; x_wconf 76' lang='lat' dir='ltr'><strong>versiculo</strong></span> <span class='ocrx_word' id='word_1_28' title='bbox 514 943 577 1006; x_wconf 90' lang='lat' dir='ltr'><strong>tot</strong></span> <span class='ocrx_word' id='word_1_29' title='bbox 611 959 694 1006; x_wconf 91' lang='lat' dir='ltr'><strong>mea</strong></span> <span class='ocrx_word' id='word_1_30' title='bbox 726 929 931 1006; x_wconf 84' lang='lat' dir='ltr'><strong>volumina</strong></span> <span class='ocrx_word' id='word_1_31' title='bbox 962 937 1124 1004; x_wconf 88' lang='lat' dir='ltr'><strong>laudum</strong></span> <span class='ocrx_word' id='word_1_32' title='bbox 1161 939 1343 1002; x_wconf 76' lang='lat' dir='ltr'><strong>suarum?</strong></span> 
     </span>
     <span class='ocr_line' id='line_1_7' title="bbox 279 1044 1345 1129; baseline -0.005 -17"><span class='ocrx_word' id='word_1_33' title='bbox 279 1047 568 1114; x_wconf 83' lang='lat' dir='ltr'><strong>Manifeslissimum</strong></span> <span class='ocrx_word' id='word_1_34' title='bbox 598 1049 646 1112; x_wconf 88' lang='lat' dir='ltr'><strong>est</strong></span> <span class='ocrx_word' id='word_1_35' title='bbox 679 1065 738 1112; x_wconf 94' lang='lat' dir='ltr'><strong>non</strong></span> <span class='ocrx_word' id='word_1_36' title='bbox 772 1047 877 1129; x_wconf 78' lang='lat' dir='ltr'><strong>quari,</strong></span> <span class='ocrx_word' id='word_1_37' title='bbox 907 1045 982 1129; x_wconf 89' lang='lat' dir='ltr'><strong>quid</strong></span> <span class='ocrx_word' id='word_1_38' title='bbox 1010 1044 1150 1110; x_wconf 86' lang='lat' dir='ltr'><strong>facturus</strong></span> <span class='ocrx_word' id='word_1_39' title='bbox 1179 1045 1345 1126; x_wconf 89' lang='lat' dir='ltr'><strong>Pompeius</strong></span> 
     </span>
     <span class='ocr_line' id='line_1_8' title="bbox 280 1151 1346 1237; baseline -0.004 -19"><span class='ocrx_word' id='word_1_40' title='bbox 280 1155 331 1230; x_wconf 83' lang='lat' dir='ltr'><strong>sil,</strong></span> <span class='ocrx_word' id='word_1_41' title='bbox 358 1156 411 1221; x_wconf 88' lang='lat' dir='ltr'><strong>sed</strong></span> <span class='ocrx_word' id='word_1_42' title='bbox 442 1154 480 1221; x_wconf 90' lang='lat' dir='ltr'><strong>do</strong></span> <span class='ocrx_word' id='word_1_43' title='bbox 507 1153 664 1237; x_wconf 86' lang='lat' dir='ltr'><strong>praeterito</strong></span> <span class='ocrx_word' id='word_1_44' title='bbox 692 1154 839 1235; x_wconf 75' lang='lat' dir='ltr'><strong>tempore,</strong></span> <span class='ocrx_word' id='word_1_45' title='bbox 867 1152 952 1217; x_wconf 88' lang='lat' dir='ltr'><strong>itane</strong></span> <span class='ocrx_word' id='word_1_46' title='bbox 974 1151 1130 1217; x_wconf 79' lang='lat' dir='ltr'>Ciceronis</span> <span class='ocrx_word' id='word_1_47' title='bbox 1150 1169 1243 1217; x_wconf 83' lang='lat' dir='ltr'><strong>versu</strong></span> <span class='ocrx_word' id='word_1_48' title='bbox 1263 1169 1346 1215; x_wconf 91' lang='lat' dir='ltr'><strong>com·</strong></span> 
     </span>
     <span class='ocr_line' id='line_1_9' title="bbox 279 1255 1345 1342; baseline -0.005 -17"><span class='ocrx_word' id='word_1_49' title='bbox 279 1262 398 1326; x_wconf 91' lang='lat' dir='ltr'><strong>motum</strong></span> <span class='ocrx_word' id='word_1_50' title='bbox 420 1261 515 1327; x_wconf 85' lang='lat' dir='ltr'><strong>luisse</strong></span> <span class='ocrx_word' id='word_1_51' title='bbox 537 1261 719 1342; x_wconf 91' lang='lat' dir='ltr'><strong>Pompeium</strong></span> <span class='ocrx_word' id='word_1_52' title='bbox 740 1259 897 1342; x_wconf 79' lang='lat' dir='ltr'>probabile</span> <span class='ocrx_word' id='word_1_53' title='bbox 917 1259 967 1335; x_wconf 77' lang='lat' dir='ltr'><strong>sit,</strong></span> <span class='ocrx_word' id='word_1_54' title='bbox 991 1255 1250 1341; x_wconf 80' lang='lat' dir='ltr'><strong>quemadmodum</strong></span> <span class='ocrx_word' id='word_1_55' title='bbox 1274 1255 1345 1321; x_wconf 90' lang='lat' dir='ltr'><strong>Piso</strong></span> 
     </span>
     <span class='ocr_line' id='line_1_10' title="bbox 278 1363 1346 1450; baseline -0.004 -18"><span class='ocrx_word' id='word_1_56' title='bbox 278 1387 348 1433; x_wconf 89' lang='lat' dir='ltr'><strong>eum</strong></span> <span class='ocrx_word' id='word_1_57' title='bbox 379 1369 569 1434; x_wconf 85' lang='lat' dir='ltr'><strong>commotum</strong></span> <span class='ocrx_word' id='word_1_58' title='bbox 598 1386 665 1432; x_wconf 85' lang='lat' dir='ltr'><strong>esso</strong></span> <span class='ocrx_word' id='word_1_59' title='bbox 694 1365 787 1436; x_wconf 86' lang='lat' dir='ltr'><strong>dicat,</strong></span> <span class='ocrx_word' id='word_1_60' title='bbox 820 1366 950 1450; x_wconf 87' lang='lat' dir='ltr'><strong>ideoque</strong></span> <span class='ocrx_word' id='word_1_61' title='bbox 976 1364 1152 1430; x_wconf 77' lang='lat' dir='ltr'><strong>Ciceronem</strong></span> <span class='ocrx_word' id='word_1_62' title='bbox 1175 1363 1272 1430; x_wconf 83' lang='lat' dir='ltr'><strong>everti</strong></span> <span class='ocrx_word' id='word_1_63' title='bbox 1292 1381 1346 1428; x_wconf 81' lang='lat' dir='ltr'><strong>vo·</strong></span> 
     </span>
     <span class='ocr_line' id='line_1_11' title="bbox 277 1469 1174 1558; baseline -0.001 -19"><span class='ocrx_word' id='word_1_64' title='bbox 277 1472 381 1539; x_wconf 88' lang='lat' dir='ltr'><strong>luisse.</strong></span> <span class='ocrx_word' id='word_1_65' title='bbox 425 1473 627 1540; x_wconf 90' lang='lat' dir='ltr'><strong>Scribeudum</strong></span> <span class='ocrx_word' id='word_1_66' title='bbox 649 1475 762 1558; x_wconf 85' lang='lat' dir='ltr'><strong>igitur:</strong></span> <span class='ocrx_word' id='word_1_67' title='bbox 784 1491 912 1538; x_wconf 88' lang='lat' dir='ltr'><strong>nonne</strong></span> <span class='ocrx_word' id='word_1_68' title='bbox 935 1469 1174 1556; x_wconf 68' lang='lat' dir='ltr'><strong>compensabat</strong></span> 
     </span>
    </p>
   </div>
   <div class='ocr_carea' id='block_1_4' title="bbox 279 1599 1350 2858">
    <p class='ocr_par' dir='ltr' id='par_1_4' title="bbox 279 1599 1350 2858">
     <span class='ocr_line' id='line_1_12' title="bbox 378 1599 1344 1686; baseline -0.008 -16"><span class='ocrx_word' id='word_1_69' title='bbox 378 1603 458 1670; x_wconf 93' lang='lat' dir='ltr'><strong>Ibid.</strong></span> <span class='ocrx_word' id='word_1_70' title='bbox 482 1605 636 1669; x_wconf 75' lang='lat'>94:11011</span> <span class='ocrx_word' id='word_1_71' title='bbox 666 1601 835 1669; x_wconf 81' lang='lat' dir='ltr'><strong>ambitio</strong></span> <span class='ocrx_word' id='word_1_72' title='bbox 866 1603 912 1666; x_wconf 90' lang='lat' dir='ltr'><strong>ad</strong></span> <span class='ocrx_word' id='word_1_73' title='bbox 941 1601 1133 1686; x_wconf 72' lang='lat' dir='ltr'><strong>gratiam,</strong></span> <span class='ocrx_word' id='word_1_74' title='bbox 1163 1618 1237 1665; x_wconf 94' lang='lat' dir='ltr'><strong>non</strong></span> <span class='ocrx_word' id='word_1_75' title='bbox 1266 1599 1344 1664; x_wconf 83' lang='lat' dir='ltr'><strong>ini&#39;-</strong></span> 
     </span>
     <span class='ocr_line' id='line_1_13' title="bbox 281 1705 1347 1794; baseline -0.008 -18"><span class='ocrx_word' id='word_1_76' title='bbox 281 1711 417 1794; x_wconf 82' lang='lat' dir='ltr'><strong>quites</strong></span> <span class='ocrx_word' id='word_1_77' title='bbox 444 1709 492 1775; x_wconf 83' lang='lat' dir='ltr'><strong>ad</strong></span> <span class='ocrx_word' id='word_1_78' title='bbox 513 1709 821 1775; x_wconf 77' lang='lat' dir='ltr'><strong>simulationem</strong></span> <span class='ocrx_word' id='word_1_79' title='bbox 845 1709 1100 1774; x_wconf 90' lang='lat' dir='ltr'><strong>coniicietur.</strong></span> <span class='ocrx_word' id='word_1_80' title='bbox 1150 1707 1202 1773; x_wconf 88' lang='lat' dir='ltr'><strong>Sic</strong></span> <span class='ocrx_word' id='word_1_81' title='bbox 1227 1705 1347 1772; x_wconf 86' lang='lat' dir='ltr'><strong>codices</strong></span> 
     </span>
     <span class='ocr_line' id='line_1_14' title="bbox 279 1813 1348 1898; baseline -0.005 -17"><span class='ocrx_word' id='word_1_82' title='bbox 279 1821 334 1881; x_wconf 86' lang='lat' dir='ltr'><strong>aut</strong></span> <span class='ocrx_word' id='word_1_83' title='bbox 354 1815 638 1882; x_wconf 86' lang='lat' dir='ltr'><strong>coniioicntnr.</strong></span> <span class='ocrx_word' id='word_1_84' title='bbox 671 1818 731 1881; x_wconf 89' lang='lat' dir='ltr'><strong>Pro</strong></span> <span class='ocrx_word' id='word_1_85' title='bbox 748 1814 1010 1888; x_wconf 87' lang='lat' dir='ltr'><strong>coniicietnr,</strong></span> <span class='ocrx_word' id='word_1_86' title='bbox 1028 1814 1108 1898; x_wconf 92' lang='lat' dir='ltr'><strong>quod</strong></span> <span class='ocrx_word' id='word_1_87' title='bbox 1124 1815 1157 1880; x_wconf 92' lang='lat' dir='ltr'><strong>et</strong></span> <span class='ocrx_word' id='word_1_88' title='bbox 1173 1813 1348 1896; x_wconf 78' lang='lat' dir='ltr'><strong>praecedens</strong></span> 
     </span>
     <span class='ocr_line' id='line_1_15' title="bbox 279 1920 1348 2003; baseline -0.004 -15"><span class='ocrx_word' id='word_1_89' title='bbox 279 1921 556 1989; x_wconf 88' lang='lat' dir='ltr'><strong>coniioicntnr</strong></span> <span class='ocrx_word' id='word_1_90' title='bbox 584 1926 615 1989; x_wconf 88' lang='lat' dir='ltr'><strong>et</strong></span> <span class='ocrx_word' id='word_1_91' title='bbox 644 1921 797 1988; x_wconf 88' lang='lat' dir='ltr'><strong>sententia</strong></span> <span class='ocrx_word' id='word_1_92' title='bbox 824 1939 952 2003; x_wconf 85' lang='lat' dir='ltr'><strong>pravum</strong></span> <span class='ocrx_word' id='word_1_93' title='bbox 985 1940 1052 1987; x_wconf 87' lang='lat' dir='ltr'><strong>esse</strong></span> <span class='ocrx_word' id='word_1_94' title='bbox 1081 1920 1240 1994; x_wconf 84' lang='lat' dir='ltr'><strong>convincit,</strong></span> <span class='ocrx_word' id='word_1_95' title='bbox 1267 1920 1348 1985; x_wconf 89' lang='lat' dir='ltr'><strong>recte</strong></span> 
     </span>
     <span class='ocr_line' id='line_1_16' title="bbox 279 2026 1348 2112; baseline -0.004 -18"><span class='ocrx_word' id='word_1_96' title='bbox 279 2030 417 2095; x_wconf 82' lang='lat' dir='ltr'><strong>Faernus</strong></span> <span class='ocrx_word' id='word_1_97' title='bbox 433 2028 525 2096; x_wconf 87' lang='lat' dir='ltr'><strong>scribi</strong></span> <span class='ocrx_word' id='word_1_98' title='bbox 541 2029 639 2096; x_wconf 86' lang='lat' dir='ltr'><strong>voluit</strong></span> <span class='ocrx_word' id='word_1_99' title='bbox 654 2029 907 2104; x_wconf 87' lang='lat' dir='ltr'><strong>conuitetnr;</strong></span> <span class='ocrx_word' id='word_1_100' title='bbox 923 2030 1026 2112; x_wconf 83' lang='lat' dir='ltr'><strong>egitur</strong></span> <span class='ocrx_word' id='word_1_101' title='bbox 1040 2029 1123 2094; x_wconf 92' lang='lat' dir='ltr'><strong>enim</strong></span> <span class='ocrx_word' id='word_1_102' title='bbox 1138 2028 1176 2092; x_wconf 88' lang='lat' dir='ltr'><strong>de</strong></span> <span class='ocrx_word' id='word_1_103' title='bbox 1189 2026 1348 2092; x_wconf 90' lang='lat' dir='ltr'><strong>bominum</strong></span> 
     </span>
     <span class='ocr_line' id='line_1_17' title="bbox 279 2133 1348 2215; baseline -0.005 -14"><span class='ocrx_word' id='word_1_104' title='bbox 279 2134 384 2202; x_wconf 85' lang='lat' dir='ltr'><strong>studio</strong></span> <span class='ocrx_word' id='word_1_105' title='bbox 405 2137 438 2202; x_wconf 93' lang='lat' dir='ltr'><strong>in</strong></span> <span class='ocrx_word' id='word_1_106' title='bbox 460 2137 599 2202; x_wconf 83' lang='lat' dir='ltr'><strong>ordinem</strong></span> <span class='ocrx_word' id='word_1_107' title='bbox 620 2134 758 2200; x_wconf 90' lang='lat' dir='ltr'><strong>iudicum</strong></span> <span class='ocrx_word' id='word_1_108' title='bbox 784 2133 992 2215; x_wconf 81' lang='lat' dir='ltr'><strong>perveniendi.</strong></span> <span class='ocrx_word' id='word_1_109' title='bbox 1037 2133 1348 2200; x_wconf 76' lang='lat' dir='ltr'><strong>simulationem</strong></span> 
     </span>
     <span class='ocr_line' id='line_1_18' title="bbox 280 2238 1350 2324; baseline -0.005 -17"><span class='ocrx_word' id='word_1_110' title='bbox 280 2241 352 2308; x_wconf 91' lang='lat' dir='ltr'><strong>binc</strong></span> <span class='ocrx_word' id='word_1_111' title='bbox 375 2242 510 2310; x_wconf 87' lang='lat' dir='ltr'><strong>alienam</strong></span> <span class='ocrx_word' id='word_1_112' title='bbox 534 2261 600 2308; x_wconf 86' lang='lat' dir='ltr'><strong>esse</strong></span> <span class='ocrx_word' id='word_1_113' title='bbox 616 2243 655 2307; x_wconf 86' lang='lat' dir='ltr'><strong>ab</strong></span> <span class='ocrx_word' id='word_1_114' title='bbox 671 2241 740 2306; x_wconf 87' lang='lat' dir='ltr'><strong>aliis</strong></span> <span class='ocrx_word' id='word_1_115' title='bbox 755 2239 948 2306; x_wconf 88' lang='lat' dir='ltr'><strong>intellectum</strong></span> <span class='ocrx_word' id='word_1_116' title='bbox 964 2244 1019 2316; x_wconf 84' lang='lat' dir='ltr'><strong>est,</strong></span> <span class='ocrx_word' id='word_1_117' title='bbox 1036 2241 1090 2307; x_wconf 92' lang='lat' dir='ltr'><strong>sed</strong></span> <span class='ocrx_word' id='word_1_118' title='bbox 1105 2238 1350 2324; x_wconf 85' lang='lat' dir='ltr'><strong>improbabiliter</strong></span> 
     </span>
     <span class='ocr_line' id='line_1_19' title="bbox 283 2346 1348 2433; baseline -0.003 -19"><span class='ocrx_word' id='word_1_119' title='bbox 283 2352 315 2414; x_wconf 87' lang='lat' dir='ltr'><strong>el</strong></span> <span class='ocrx_word' id='word_1_120' title='bbox 327 2349 369 2414; x_wconf 91' lang='lat' dir='ltr'><strong>ad</strong></span> <span class='ocrx_word' id='word_1_121' title='bbox 384 2351 570 2415; x_wconf 85' lang='lat' dir='ltr'><strong>sententiam</strong></span> <span class='ocrx_word' id='word_1_122' title='bbox 585 2353 616 2415; x_wconf 89' lang='lat' dir='ltr'><strong>et</strong></span> <span class='ocrx_word' id='word_1_123' title='bbox 632 2348 672 2413; x_wconf 84' lang='lat' dir='ltr'><strong>ad</strong></span> <span class='ocrx_word' id='word_1_124' title='bbox 685 2348 858 2414; x_wconf 86' lang='lat' dir='ltr'><strong>litterarum</strong></span> <span class='ocrx_word' id='word_1_125' title='bbox 873 2349 1006 2433; x_wconf 84' lang='lat' dir='ltr'><strong>vestigia</strong></span> <span class='ocrx_word' id='word_1_126' title='bbox 1022 2348 1188 2414; x_wconf 81' lang='lat' dir='ltr'><strong>Lambinus</strong></span> <span class='ocrx_word' id='word_1_127' title='bbox 1205 2346 1348 2412; x_wconf 89' lang='lat' dir='ltr'><strong>simul·</strong></span> 
     </span>
     <span class='ocr_line' id='line_1_20' title="bbox 281 2452 1349 2522; baseline -0.003 -2"><span class='ocrx_word' id='word_1_128' title='bbox 281 2457 405 2521; x_wconf 85' lang='lat' dir='ltr'><strong>tatem</strong></span> <span class='ocrx_word' id='word_1_129' title='bbox 433 2455 604 2522; x_wconf 84' lang='lat' dir='ltr'><strong>substituit.</strong></span> <span class='ocrx_word' id='word_1_130' title='bbox 649 2454 850 2521; x_wconf 82' lang='lat' dir='ltr'><strong>Scribendum</strong></span> <span class='ocrx_word' id='word_1_131' title='bbox 880 2456 962 2520; x_wconf 85' lang='lat' dir='ltr'><strong>erat:</strong></span> <span class='ocrx_word' id='word_1_132' title='bbox 995 2473 1069 2520; x_wconf 93' lang='lat' dir='ltr'><strong>non</strong></span> <span class='ocrx_word' id='word_1_133' title='bbox 1102 2454 1271 2521; x_wconf 90' lang='lat' dir='ltr'><strong>ambitio</strong></span> <span class='ocrx_word' id='word_1_134' title='bbox 1303 2452 1349 2517; x_wconf 90' lang='lat' dir='ltr'><strong>ad</strong></span> 
     </span>
     <span class='ocr_line' id='line_1_21' title="bbox 281 2559 1348 2647; baseline -0.005 -21"><span class='ocrx_word' id='word_1_135' title='bbox 281 2559 1348 2647; x_wconf 75' lang='lat' dir='ltr'><strong>gratiam,noniniquitasadaemulationemconnitetur.</strong></span> 
     </span>
     <span class='ocr_line' id='line_1_22' title="bbox 281 2665 1349 2752; baseline -0.004 -19"><span class='ocrx_word' id='word_1_136' title='bbox 281 2668 389 2751; x_wconf 89' lang='lat' dir='ltr'><strong>Neque</strong></span> <span class='ocrx_word' id='word_1_137' title='bbox 412 2666 571 2734; x_wconf 83' lang='lat' dir='ltr'><strong>ambitiosi</strong></span> <span class='ocrx_word' id='word_1_138' title='bbox 593 2667 740 2748; x_wconf 85' lang='lat' dir='ltr'><strong>homines,</strong></span> <span class='ocrx_word' id='word_1_139' title='bbox 763 2673 798 2733; x_wconf 91' lang='lat' dir='ltr'><strong>ut</strong></span> <span class='ocrx_word' id='word_1_140' title='bbox 820 2665 923 2752; x_wconf 84' lang='lat' dir='ltr'><strong>gratia</strong></span> <span class='ocrx_word' id='word_1_141' title='bbox 950 2669 1085 2747; x_wconf 78' lang='lat' dir='ltr'><strong>ualeant,</strong></span> <span class='ocrx_word' id='word_1_142' title='bbox 1116 2686 1222 2751; x_wconf 84' lang='lat' dir='ltr'><strong>neque</strong></span> <span class='ocrx_word' id='word_1_143' title='bbox 1242 2665 1349 2749; x_wconf 82' lang='lat' dir='ltr'><strong>iniqui,</strong></span> 
     </span>
     <span class='ocr_line' id='line_1_23' title="bbox 280 2773 1233 2858; baseline -0.004 -18"><span class='ocrx_word' id='word_1_144' title='bbox 280 2781 316 2840; x_wconf 90' lang='lat' dir='ltr'><strong>ut</strong></span> <span class='ocrx_word' id='word_1_145' title='bbox 338 2773 467 2840; x_wconf 81' lang='lat' dir='ltr'><strong>aemulos</strong></span> <span class='ocrx_word' id='word_1_146' title='bbox 488 2775 631 2858; x_wconf 89' lang='lat' dir='ltr'><strong>premant</strong></span> <span class='ocrx_word' id='word_1_147' title='bbox 653 2776 683 2840; x_wconf 89' lang='lat' dir='ltr'><strong>et</strong></span> <span class='ocrx_word' id='word_1_148' title='bbox 705 2774 877 2852; x_wconf 74' lang='lat' dir='ltr'><strong>excludant</strong></span> <span class='ocrx_word' id='word_1_149' title='bbox 900 2792 967 2840; x_wconf 88' lang='lat' dir='ltr'><strong>sese</strong></span> <span class='ocrx_word' id='word_1_150' title='bbox 989 2774 1233 2840; x_wconf 84' lang='lat' dir='ltr'><strong>commovebunt.</strong></span> 
     </span>
    </p>
   </div>
   <div class='ocr_carea' id='block_1_5' title="bbox 282 2962 1353 3570">
    <p class='ocr_par' dir='ltr' id='par_1_5' title="bbox 282 2962 1353 3570">
     <span class='ocr_line' id='line_1_24' title="bbox 382 2962 1349 3048; baseline -0.001 -20"><span class='ocrx_word' id='word_1_151' title='bbox 382 2962 446 3029; x_wconf 89' lang='lat' dir='ltr'><strong>Pro</strong></span> <span class='ocrx_word' id='word_1_152' title='bbox 468 2963 600 3032; x_wconf 84' lang='lat' dir='ltr'><strong>Plancio</strong></span> <span class='ocrx_word' id='word_1_153' title='bbox 623 2964 680 3032; x_wconf 84' lang='lat'><strong>36:</strong></span> <span class='ocrx_word' id='word_1_154' title='bbox 711 2965 755 3030; x_wconf 89' lang='lat' dir='ltr'><strong>do</strong></span> <span class='ocrx_word' id='word_1_155' title='bbox 785 2965 871 3048; x_wconf 89' lang='lat' dir='ltr'><strong>ipso</strong></span> <span class='ocrx_word' id='word_1_156' title='bbox 902 2963 1075 3047; x_wconf 88' lang='lat' dir='ltr'><strong>denique</strong></span> <span class='ocrx_word' id='word_1_157' title='bbox 1105 2963 1260 3029; x_wconf 87' lang='lat' dir='ltr'><strong>ambitu</strong></span> <span class='ocrx_word' id='word_1_158' title='bbox 1287 2980 1349 3028; x_wconf 89' lang='lat' dir='ltr'><strong>re-</strong></span> 
     </span>
     <span class='ocr_line' id='line_1_25' title="bbox 282 3068 1346 3139; baseline -0.002 -5"><span class='ocrx_word' id='word_1_159' title='bbox 282 3069 500 3136; x_wconf 88' lang='lat' dir='ltr'><strong>iectionem</strong></span> <span class='ocrx_word' id='word_1_160' title='bbox 535 3071 632 3136; x_wconf 88' lang='lat' dir='ltr'><strong>lieri</strong></span> <span class='ocrx_word' id='word_1_161' title='bbox 665 3071 847 3139; x_wconf 86' lang='lat' dir='ltr'><strong>uoluerit</strong></span> <span class='ocrx_word' id='word_1_162' title='bbox 877 3068 1053 3135; x_wconf 90' lang='lat' dir='ltr'><strong>iudicum</strong></span> <span class='ocrx_word' id='word_1_163' title='bbox 1089 3069 1346 3135; x_wconf 84' lang='lat' dir='ltr'><strong>alternorum.</strong></span> 
     </span>
     <span class='ocr_line' id='line_1_26' title="bbox 283 3174 1351 3262; baseline 0.003 -25"><span class='ocrx_word' id='word_1_164' title='bbox 283 3174 480 3241; x_wconf 84' lang='lat' dir='ltr'><strong>Alternorum</strong></span> <span class='ocrx_word' id='word_1_165' title='bbox 512 3175 652 3243; x_wconf 89' lang='lat' dir='ltr'><strong>iudicum</strong></span> <span class='ocrx_word' id='word_1_166' title='bbox 681 3177 901 3262; x_wconf 77' lang='lat' dir='ltr'><strong>(singidonum)</strong></span> <span class='ocrx_word' id='word_1_167' title='bbox 934 3175 1060 3242; x_wconf 89' lang='lat' dir='ltr'><strong>reiectio</strong></span> <span class='ocrx_word' id='word_1_168' title='bbox 1090 3196 1189 3260; x_wconf 85' lang='lat' dir='ltr'><strong>neque</strong></span> <span class='ocrx_word' id='word_1_169' title='bbox 1221 3195 1351 3261; x_wconf 85' lang='lat' dir='ltr'><strong>usquam</strong></span> 
     </span>
     <span class='ocr_line' id='line_1_27' title="bbox 283 3280 1351 3367; baseline -0.003 -21"><span class='ocrx_word' id='word_1_170' title='bbox 283 3280 483 3365; x_wconf 74' lang='lat' dir='ltr'><strong>significatur,</strong></span> <span class='ocrx_word' id='word_1_171' title='bbox 504 3302 612 3367; x_wconf 81' lang='lat' dir='ltr'><strong>neque,</strong></span> <span class='ocrx_word' id='word_1_172' title='bbox 628 3285 727 3367; x_wconf 86' lang='lat' dir='ltr'><strong>qualis</strong></span> <span class='ocrx_word' id='word_1_173' title='bbox 743 3283 794 3361; x_wconf 82' lang='lat' dir='ltr'><strong>sit,</strong></span> <span class='ocrx_word' id='word_1_174' title='bbox 818 3282 894 3366; x_wconf 83' lang='lat' dir='ltr'><strong>fingi</strong></span> <span class='ocrx_word' id='word_1_175' title='bbox 918 3281 1091 3366; x_wconf 82' lang='lat' dir='ltr'><strong>intelligire</strong></span> <span class='ocrx_word' id='word_1_176' title='bbox 1112 3302 1200 3366; x_wconf 89' lang='lat' dir='ltr'><strong>posse</strong></span> <span class='ocrx_word' id='word_1_177' title='bbox 1223 3282 1351 3349; x_wconf 86' lang='lat' dir='ltr'><strong>uidetur.</strong></span> 
     </span>
     <span class='ocr_line' id='line_1_28' title="bbox 284 3387 1351 3472; baseline -0.003 -20"><span class='ocrx_word' id='word_1_178' title='bbox 284 3387 355 3452; x_wconf 84' lang='lat' dir='ltr'><strong>Sine</strong></span> <span class='ocrx_word' id='word_1_179' title='bbox 378 3388 471 3455; x_wconf 94' lang='lat' dir='ltr'><strong>dnbio</strong></span> <span class='ocrx_word' id='word_1_180' title='bbox 495 3387 685 3472; x_wconf 85' lang='lat' dir='ltr'><strong>significatur</strong></span> <span class='ocrx_word' id='word_1_181' title='bbox 708 3406 754 3468; x_wconf 87' lang='lat' dir='ltr'><strong>ea,</strong></span> <span class='ocrx_word' id='word_1_182' title='bbox 779 3407 848 3472; x_wconf 82' lang='lat' dir='ltr'><strong>quae</strong></span> <span class='ocrx_word' id='word_1_183' title='bbox 869 3389 901 3455; x_wconf 92' lang='lat' dir='ltr'><strong>iu</strong></span> <span class='ocrx_word' id='word_1_184' title='bbox 924 3390 1061 3455; x_wconf 91' lang='lat' dir='ltr'><strong>oratione</strong></span> <span class='ocrx_word' id='word_1_185' title='bbox 1081 3391 1113 3455; x_wconf 94' lang='lat' dir='ltr'><strong>in</strong></span> <span class='ocrx_word' id='word_1_186' title='bbox 1130 3390 1289 3455; x_wconf 86' lang='lat' dir='ltr'><strong>Vatinium</strong></span> <span class='ocrx_word' id='word_1_187' title='bbox 1313 3389 1351 3452; x_wconf 75' lang='lat'><strong>27</strong></span> 
     </span>
     <span class='ocr_line' id='line_1_29' title="bbox 283 3488 1353 3570; baseline 0.003 -13"><span class='ocrx_word' id='word_1_188' title='bbox 283 3494 532 3561; x_wconf 87' lang='lat' dir='ltr'><strong>alternorum</strong></span> <span class='ocrx_word' id='word_1_189' title='bbox 562 3488 826 3561; x_wconf 82' lang='lat' dir='ltr'><strong>consiliorum</strong></span> <span class='ocrx_word' id='word_1_190' title='bbox 857 3495 1032 3561; x_wconf 90' lang='lat' dir='ltr'><strong>reiectio</strong></span> <span class='ocrx_word' id='word_1_191' title='bbox 1060 3497 1187 3570; x_wconf 88' lang='lat' dir='ltr'><strong>dicitur,</strong></span> <span class='ocrx_word' id='word_1_192' title='bbox 1216 3495 1353 3562; x_wconf 88' lang='lat' dir='ltr'><strong>scriben-</strong></span> 
     </span>
    </p>
   </div>
   <div class='ocr_carea' id='block_1_6' title="bbox 222 3759 1354 3944">
    <p class='ocr_par' dir='ltr' id='par_1_6' title="bbox 222 3759 1354 3944">
     <span class='ocr_line' id='line_1_30' title="bbox 222 3759 1354 3836; baseline -0.001 -15"><span class='ocrx_word' id='word_1_193' title='bbox 222 3759 225 3764; x_wconf 79' lang='grc'><strong>’</strong></span> <span class='ocrx_word' id='word_1_194' title='bbox 337 3763 363 3829; x_wconf 84' lang='grc'><strong>*)</strong></span> <span class='ocrx_word' id='word_1_195' title='bbox 383 3761 397 3832; x_wconf 65' lang='grc' dir='ltr'><strong>ξ</strong></span> <span class='ocrx_word' id='word_1_196' title='bbox 417 3763 453 3820; x_wconf 84' lang='grc'><strong>70</strong></span> <span class='ocrx_word' id='word_1_197' title='bbox 470 3764 594 3820; x_wconf 87' lang='lat' dir='ltr'><strong>codicum</strong></span> <span class='ocrx_word' id='word_1_198' title='bbox 612 3764 757 3836; x_wconf 85' lang='lat' dir='ltr'><strong>scripturae</strong></span> <span class='ocrx_word' id='word_1_199' title='bbox 776 3770 845 3820; x_wconf 80' lang='lat' dir='ltr'><strong>ortae</strong></span> <span class='ocrx_word' id='word_1_200' title='bbox 865 3780 898 3820; x_wconf 88' lang='lat' dir='ltr'><strong>ex</strong></span> <span class='ocrx_word' id='word_1_201' title='bbox 916 3765 968 3821; x_wconf 88' lang='lat' dir='ltr'><strong>hac</strong></span> <span class='ocrx_word' id='word_1_202' title='bbox 986 3765 1127 3821; x_wconf 80' lang='lat' dir='ltr'><strong>videntur:</strong></span> <span class='ocrx_word' id='word_1_203' title='bbox 1146 3782 1209 3836; x_wconf 87' lang='lat' dir='ltr'><strong>qno</strong></span> <span class='ocrx_word' id='word_1_204' title='bbox 1224 3765 1354 3822; x_wconf 80' lang='lat' dir='ltr'><strong>tutatum</strong></span> 
     </span>
     <span class='ocr_line' id='line_1_31' title="bbox 384 3853 1353 3944; baseline 0.003 -33"><span class='ocrx_word' id='word_1_205' title='bbox 384 3853 496 3928; x_wconf 88' lang='lat' dir='ltr'><strong>sapiens</strong></span> <span class='ocrx_word' id='word_1_206' title='bbox 515 3860 547 3911; x_wconf 91' lang='lat' dir='ltr'><strong>et</strong></span> <span class='ocrx_word' id='word_1_207' title='bbox 565 3861 661 3912; x_wconf 87' lang='lat' dir='ltr'><strong>tanta</strong></span> <span class='ocrx_word' id='word_1_208' title='bbox 679 3856 809 3912; x_wconf 88' lang='lat' dir='ltr'><strong>civitas.</strong></span> <span class='ocrx_word' id='word_1_209' title='bbox 852 3856 967 3914; x_wconf 82' lang='lat' dir='ltr'><strong>Graecus</strong></span> <span class='ocrx_word' id='word_1_210' title='bbox 985 3863 1068 3928; x_wconf 88' lang='lat' dir='ltr'><strong>atque</strong></span> <span class='ocrx_word' id='word_1_211' title='bbox 1094 3858 1199 3944; x_wconf 83' lang='lat' dir='ltr'><strong>advena</strong></span> <span class='ocrx_word' id='word_1_212' title='bbox 1217 3875 1279 3915; x_wconf 86' lang='lat' dir='ltr'><strong>cum</strong></span> <span class='ocrx_word' id='word_1_213' title='bbox 1297 3864 1353 3914; x_wconf 92' lang='lat' dir='ltr'><strong>toto</strong></span> 
     </span>
    </p>
   </div>
   <div class='ocr_carea' id='block_1_7' title="bbox 385 3947 1356 4203">
    <p class='ocr_par' dir='ltr' id='par_1_7' title="bbox 385 3947 1356 4203">
     <span class='ocr_line' id='line_1_32' title="bbox 385 3947 1355 4024; baseline 0.005 -21"><span class='ocrx_word' id='word_1_214' title='bbox 385 3947 489 4020; x_wconf 92' lang='lat' dir='ltr'><strong>populo</strong></span> <span class='ocrx_word' id='word_1_215' title='bbox 507 3949 631 4005; x_wconf 88' lang='lat' dir='ltr'><strong>Romano</strong></span> <span class='ocrx_word' id='word_1_216' title='bbox 651 3953 832 4019; x_wconf 88' lang='lat' dir='ltr'><strong>comparatur,</strong></span> <span class='ocrx_word' id='word_1_217' title='bbox 856 3966 913 4006; x_wconf 90' lang='lat' dir='ltr'><strong>non</strong></span> <span class='ocrx_word' id='word_1_218' title='bbox 935 3967 997 4007; x_wconf 87' lang='lat' dir='ltr'><strong>cum</strong></span> <span class='ocrx_word' id='word_1_219' title='bbox 1014 3953 1108 4008; x_wconf 84' lang='lat' dir='ltr'><strong>nescio</strong></span> <span class='ocrx_word' id='word_1_220' title='bbox 1129 3953 1227 4022; x_wconf 85' lang='lat' dir='ltr'><strong>quibus</strong></span> <span class='ocrx_word' id='word_1_221' title='bbox 1246 3952 1355 4024; x_wconf 88' lang='lat' dir='ltr'><strong>sapien·</strong></span> 
     </span>
     <span class='ocr_line' id='line_1_33' title="bbox 387 4041 1356 4114; baseline 0.006 -20"><span class='ocrx_word' id='word_1_222' title='bbox 387 4041 468 4097; x_wconf 86' lang='lat' dir='ltr'><strong>tibus.</strong></span> <span class='ocrx_word' id='word_1_223' title='bbox 509 4041 615 4098; x_wconf 90' lang='lat' dir='ltr'><strong>Deinde</strong></span> <span class='ocrx_word' id='word_1_224' title='bbox 639 4041 654 4114; x_wconf 83' lang='lat'><strong>§</strong></span> <span class='ocrx_word' id='word_1_225' title='bbox 679 4041 714 4096; x_wconf 80' lang='lat'><strong>72</strong></span> <span class='ocrx_word' id='word_1_226' title='bbox 736 4041 922 4100; x_wconf 85' lang='lat' dir='ltr'><strong>scribendum:</strong></span> <span class='ocrx_word' id='word_1_227' title='bbox 943 4045 1001 4102; x_wconf 87' lang='lat' dir='ltr'><strong>sed</strong></span> <span class='ocrx_word' id='word_1_228' title='bbox 1019 4061 1089 4102; x_wconf 89' lang='lat' dir='ltr'><strong>eum</strong></span> <span class='ocrx_word' id='word_1_229' title='bbox 1106 4062 1204 4104; x_wconf 86' lang='lat' dir='ltr'><strong>casus</strong></span> <span class='ocrx_word' id='word_1_230' title='bbox 1223 4088 1229 4102; x_wconf 91' lang='lat'>.</span> <span class='ocrx_word' id='word_1_231' title='bbox 1249 4089 1256 4100; x_wconf 88' lang='lat'><strong>.</strong></span> <span class='ocrx_word' id='word_1_232' title='bbox 1275 4087 1282 4102; x_wconf 90' lang='lat'><em>.</em></span> <span class='ocrx_word' id='word_1_233' title='bbox 1303 4087 1309 4100; x_wconf 92' lang='lat'><strong>.</strong></span> <span class='ocrx_word' id='word_1_234' title='bbox 1328 4043 1356 4100; x_wconf 85' lang='lat' dir='ltr'><strong>et</strong></span> 
     </span>
     <span class='ocr_line' id='line_1_34' title="bbox 387 4133 1287 4203; baseline 0.009 -16"><span class='ocrx_word' id='word_1_235' title='bbox 387 4133 446 4203; x_wconf 92' lang='lat' dir='ltr'><strong>(pro</strong></span> <span class='ocrx_word' id='word_1_236' title='bbox 466 4133 534 4203; x_wconf 81' lang='lat' dir='ltr'><strong>sed)</strong></span> <span class='ocrx_word' id='word_1_237' title='bbox 551 4133 637 4192; x_wconf 90' lang='lat' dir='ltr'><strong>idem</strong></span> <span class='ocrx_word' id='word_1_238' title='bbox 655 4150 752 4191; x_wconf 83' lang='lat' dir='ltr'><strong>cesus</strong></span> <span class='ocrx_word' id='word_1_239' title='bbox 767 4142 820 4192; x_wconf 90' lang='lat' dir='ltr'><strong>cet.</strong></span> <span class='ocrx_word' id='word_1_240' title='bbox 1283 4140 1287 4147; x_wconf 88' lang='lat'><em>&#39;</em></span> 
     </span>
    </p>
   </div>
   <div class='ocr_carea' id='block_1_8' title="bbox 0 0 1523 4652">
    <p class='ocr_par' dir='ltr' id='par_1_8' title="bbox 0 0 1523 4652">
     <span class='ocr_line' id='line_1_35' title="bbox 0 0 1523 4652; baseline 0 0"><span class='ocrx_word' id='word_1_241' title='bbox 0 0 1523 4652; x_wconf 95' lang='lat' dir='ltr'><strong> </strong></span> 
     </span>
    </p>
   </div>
  </div>
 </body>
</html>
