3012 4652
307 289 368 355 192
668 290 729 345 Lib.
747 290 784 346 ll
802 289 868 361 Cap.
886 289 934 343 nl

265 489 440 574 exemplum
460 491 619 574 perspieue
645 491 709 556 erni
739 487 880 555 videtur:
912 508 987 573 qno
1009 487 1145 555 catulus
1164 503 1244 554 ua
1264 491 1337 554 est

265 595 464 677 Metulum
485 599 607 680 patrem
628 599 738 663 uotum
760 599 810 662 est
826 596 859 660 in
881 596 1018 663 audiena
1033 595 1184 661 Maianis
1203 597 1338 661 mortem

265 703 326 770 sibi
347 704 532 770 romonae
557 703 709 770 insalubri
736 702 838 769 halitu
865 704 987 769 tentorii
1009 703 1075 768 eius
1096 701 1158 770 loci
1178 719 1339 768 nontame-

265 809 337 890 rati,
358 810 392 877 in
413 829 475 895 qno
496 829 530 876 ee
550 811 731 877 inclusisset
750 810 846 888 (Veli.
868 809 910 888 II,
932 809 1038 889 ἣν)

365 951 446 1018 lbid.
467 951 551 1032 XVI,
575 951 760 1030 11‚1:De
789 951 904 1018 Sioua
924 954 984 1018 ita
1005 953 1084 1030 est,
1105 954 1150 1017 ut
1170 951 1338 1026 soribis;

266 1059 356 1126 asta
378 1077 422 1126 ea
442 1077 545 1144 aegre
567 1078 625 1124 me
646 1058 776 1134 tenui;
794 1059 935 1142 itaque
957 1057 1231 1142 perstringam
1252 1059 1340 1125 sine

267 1165 353 1232 olla
373 1165 623 1232 contumelia
645 1165 769 1232 Sioeae
791 1167 861 1231 aut
882 1166 1094 1248 Septimia
1115 1169 1174 1232 eet.
1227 1166 1339 1232 Cuius-

267 1272 352 1338 modi
373 1289 422 1338 ree
445 1272 646 1358 significetur,
669 1273 864 1356 perspicuum
886 1277 953 1348 est;
977 1291 1059 1357 aegre
1081 1274 1163 1338 enirn
1177 1273 1281 1338 Cioero
1303 1293 1339 1338 se

267 1377 344 1444 dicit
364 1379 396 1443 in
417 1396 511 1445 eausa
529 1379 632 1464 aliqua
653 1380 773 1466 agenda
794 1378 983 1446 abstinuisse
1004 1399 1023 1444 a
1045 1381 1203 1444 mentione
1216 1377 1337 1443 leminae

267 1503 375 1570 parum
403 1484 549 1565 honesta,
578 1487 751 1572 itaquffdn
773 1505 867 1553 eausa
888 1488 1002 1552 iterum
1022 1487 1143 1572 agenda
1162 1487 1218 1552 aut
1236 1485 1337 1568 potius

267 1595 299 1660 in
321 1591 458 1661 oratione
480 1593 698 1676 perscribenda
720 1597 752 1659 et
773 1593 905 1672 edenda)
927 1614 962 1661 se
983 1593 1096 1660 leviter
1111 1612 1178 1659 eam
1193 1592 1340 1676 perstriu-

268 1709 382 1768 turum.
426 1701 471 1766 Ea
498 1702 613 1768 lemina
642 1721 702 1785 quo
725 1702 847 1768 nomine
868 1701 971 1780 fuerit,
995 1719 1141 1785 apparere
1161 1699 1284 1766 videtur
1305 1718 1341 1765 ex

268 1827 314 1890 eo,
337 1807 418 1892 quod
451 1810 607 1892 seqnitur,
644 1828 688 1875 ex
722 1807 836 1875 Galli
867 1807 987 1874 Pedii
1020 1808 1125 1874 filia.
1182 1807 1339 1892 Scriptum

267 1917 364 2002 igitur
385 1915 500 1982 luerat:
522 1915 662 1983 alludia
683 1935 785 2000 aegre
806 1934 863 1984 me
884 1915 1008 1981 tenni.
1039 1913 1103 1992 (Ad
1125 1913 1247 1981 litteras
1267 1933 1341 1998 pro-

268 2024 337 2108 pius
359 2024 426 2088 erat
446 2043 465 2089 a
490 2021 628 2101 Staio.)
673 2024 716 2104 [Α
738 2022 864 2088 Fadia
884 2022 949 2087 iam
969 2021 1164 2102 Lambinus]

369 2153 447 2221 Ibid.
464 2153 513 2232 15,
530 2152 568 2218 6:
583 2151 778 2219 Consenti
799 2151 838 2217 in
859 2151 931 2218 hao
952 2171 1062 2233 eura,
1087 2152 1155 2218 ubi
1178 2170 1278 2232 sum,
1300 2157 1342 2217 ut

269 2279 326 2328 me
347 2259 566 2344 expediam.
595 2258 813 2326 Soribendum:
832 2259 990 2326 consenui
1012 2260 1051 2325 in
1074 2260 1146 2327 heo
1166 2279 1261 2327 eura
1282 2261 1339 2326 oet.

270 2367 398 2434 Senium
419 2367 480 2434 sibi
501 2366 582 2433 hane
604 2385 710 2432 eoram
732 2365 876 2432 attulisse
897 2366 1054 2452 signifieat
1079 2386 1116 2434 ao
1139 2386 1231 2453 prope
1253 2387 1287 2434 se
1309 2367 1341 2432 in

268 2495 304 2544 ea
327 2475 553 2560 consumptum.

368 2677 502 2765 Epistol.
530 2678 573 2748 ad
605 2677 713 2755 Quint.
742 2677 841 2744 fratr.
883 2677 908 2758 Ι,
939 2678 968 2757 1,
999 2678 1057 2743 11:
1080 2678 1212 2762 Atque
1233 2677 1342 2743 inter

267 2787 337 2854 hos
374 2785 422 2864 (Μ
455 2794 538 2866 nos)
571 2805 654 2864 eos,
694 2802 793 2869 quos
830 2783 910 2852 tibi
945 2784 1116 2850 eomites
1152 2787 1191 2850 et
1225 2783 1340 2850 adin·

267 2896 377 2961 tores
413 2893 668 2978 negotiorum
705 2892 960 2974 publicorum
998 2891 1111 2957 dedit
1151 2891 1242 2974 ipse
1277 2911 1340 2958 res

266 2999 431 3084 publiea
453 3001 511 3064 oet.
566 2998 633 3080 Quo
664 2997 796 3064 refertur
826 2997 935 3064 inter
966 2998 1061 3066 hos?
1114 2998 1268 3064 Nimirum
1301 2997 1341 3064 ed

226 3169 228 3176 ,
268 3124 336 3185 eos,
373 3123 449 3190 quos
488 3105 625 3188 proxime
663 3107 737 3172 ante
775 3106 879 3174 Cioero
923 3105 1111 3186 nominavit,
1151 3105 1269 3190 legatos
1309 3106 1342 3169 et

268 3213 461 3297 quaestorem.
527 3211 687 3293 Quomodo
726 3212 823 3296 igitur
862 3213 944 3278 iuter
984 3213 1040 3278 hos
1075 3215 1234 3296 tamquam
1269 3229 1341 3296 para

267 3319 372 3404 aliqua
404 3318 539 3404 separari
571 3319 663 3402 atque
696 3320 815 3403 excerpi
845 3323 974 3403 posenni
993 3319 1027 3398 ii,
1050 3338 1126 3404 quos
1147 3338 1197 3384 res
1217 3317 1341 3401 publiea

321 3591 348 3664 *)
366 3592 419 3664 Ep.
438 3593 481 3661 26,
500 3591 526 3662 4,
545 3591 579 3648 de
599 3607 653 3660 quo
671 3591 734 3647 loeo
753 3591 811 3648 dixi
822 3591 892 3647 Ado.
906 3591 971 3646 crit.
983 3591 1013 3646 II
1023 3609 1051 3662 p.
1063 3590 1124 3660 240,
1142 3606 1198 3647 non
1215 3606 1341 3661 peuoos

366 3701 501 3758 specus,
533 3685 582 3742 sed
609 3700 735 3756 peuoos
763 3683 847 3758 pedes
875 3684 1050 3742 scribendum
1081 3690 1132 3754 est,
1160 3686 1274 3756 propius
1304 3686 1343 3741 ad
1382 3735 1384 3739 .

365 3779 469 3837 oodiois
487 3779 561 3835 Med.
584 3779 737 3848 vestigium,
766 3779 895 3848 quoniam
925 3783 953 3834 et
979 3778 1080 3849 pedum
1101 3780 1228 3849 paucitas
1251 3779 1342 3850 aptior

366 3879 410 3929 est
428 3872 464 3930 ad
482 3873 661 3944 exiguitatem
678 3873 719 3928 rei
738 3869 942 3941 declarandam,
966 3877 994 3926 et
1021 3888 1120 3944 specus
1144 3887 1254 3942 semper
1275 3872 1340 3928 sub-

365 3965 488 4022 terranei
508 3971 580 4022 sunt.
617 3964 762 4036 Significat
778 3963 873 4021 Cicero
893 3980 1045 4034 paucorum
1061 3966 1163 4037 pedum
1181 3965 1342 4022 servitutem

365 4075 402 4116 ne
422 4057 457 4115 ad
476 4059 650 4131 superficiem
674 4057 785 4129 quidem
809 4064 837 4113 et
861 4074 953 4115 aream
975 4060 1126 4131 pertinere,
1151 4059 1199 4116 sed
1223 4057 1258 4114 ad
1276 4058 1341 4114 sub·

366 4158 503 4223 terraneo,
522 4154 598 4210 velut
619 4153 655 4211 ad
673 4168 774 4222 aquarn
793 4152 910 4210 similene
929 4153 1038 4224 aliquid.
