2974 4660
303 323 322 382 4
684 322 743 376 nin.
763 323 784 378 1.
804 326 868 394 esp.
889 323 910 377 1.

260 518 426 584 admodum
472 521 586 584 sensim
630 519 831 585 constitutam
875 521 1109 586 Homericorum
1153 521 1328 602 poematum

261 625 390 691 formam
415 623 535 707 antiqui
556 626 722 705 tenuerint
741 644 872 709 cumque
887 645 923 691 ea
938 626 1159 692 constitutione
1174 645 1235 695 eas,
1254 644 1329 709 quas

262 748 409 813 promam,
431 731 619 812 suspiciones
635 732 868 814 comparaverit.
901 731 1096 815 Quamquam
1110 732 1193 797 enim
1208 733 1330 796 utrum·

260 854 321 917 que
342 838 478 917 poetam,
506 855 599 920 quem
630 836 760 904 Iliadem
790 839 823 904 et
844 837 1016 923 Odysseem
1047 837 1254 920 composuisse
1285 837 1331 904 itu

263 942 379 1013 statuo,
401 945 437 1008 ut
458 961 557 1026 neque
579 962 615 1008 er
635 943 786 1026 prioribus
808 944 994 1011 carminibus
1017 943 1153 1010 materia
1175 961 1329 1010 summam

261 1049 295 1112 et
315 1051 419 1131 partes
442 1068 502 1115 non
527 1048 654 1133 exiguas
676 1049 854 1133 desumptas
875 1050 909 1116 et
923 1051 1089 1116 banslatas
1104 1068 1216 1136 negem
1230 1067 1329 1131 neque

260 1153 403 1237 quadam
423 1156 532 1237 postea
552 1155 592 1220 ud
621 1156 796 1222 universam
825 1157 953 1221 formam
981 1157 1082 1238 aptius
1110 1155 1330 1222 contexendam

204 1302 209 1312 ι
262 1261 539 1345 absolvendamque
567 1262 684 1340 addita,
712 1262 866 1328 scribendi
891 1265 957 1327 arte
985 1267 1079 1345 alque
1106 1261 1219 1328 auxilio
1240 1277 1352 1326 usum.

261 1385 329 1432 esse
344 1385 523 1448 persuasum
544 1368 650 1446 habeo,
673 1371 775 1434 tamen
797 1387 856 1432 non
881 1369 983 1433 minus
1005 1371 1123 1434 certnm
1145 1383 1212 1433 esse
1228 1365 1332 1439 oredo,

262 1471 294 1537 in
311 1475 446 1556 utroque
467 1479 608 1556 poemate
629 1474 854 1558 antiquissimis
877 1475 1067 1557 temporibus
1090 1473 1170 1538 inter
1187 1471 1328 1536 homiues

262 1578 470 1662 pervulgeudo
494 1585 525 1646 et
546 1580 586 1645 ad
607 1583 747 1663 posteros
777 1579 928 1646 tradendo
953 1599 1082 1664 magnas
1104 1576 1273 1661 frequentis
1295 1576 1329 1642 in

260 1685 420 1750 hominum
452 1686 583 1751 coetibus
617 1686 806 1753 recitationis
841 1688 874 1752 et
901 1687 1019 1752 tenacis
1048 1684 1204 1751 memoriae
1225 1685 1330 1766 partes

263 1793 379 1867 luisse*
400 1790 446 1856 ita
478 1797 512 1858 ut
546 1792 635 1874 paulo
669 1795 809 1858 interiore
840 1795 941 1869 state,
975 1811 1046 1858 cum
1076 1790 1147 1857 libri
1169 1789 1275 1872 scripti
1297 1789 1329 1854 in

260 1897 420 1962 hominnm
444 1900 587 1964 manibus
608 1901 724 1964 versari
747 1902 778 1965 et
799 1899 989 1964 circumferri
1011 1897 1104 1979 coepti
1129 1900 1240 1969 essent,
1257 1895 1330 1960 Ilias

261 2004 295 2068 et
315 2001 454 2082 Odyssea
474 2023 620 2089 magnam
641 2008 759 2087 partem
790 2026 809 2070 a
838 2004 967 2070 dirersis
994 2003 1169 2069 hominibus
1191 2000 1330 2084 pluribus

261 2109 336 2174 locis
359 2110 472 2174 litteris
493 2112 747 2190 consignarentur
771 2131 827 2175 non
850 2111 916 2176 sine
939 2114 1042 2194 aliqua
1063 2109 1221 2188 varietate,
1244 2107 1330 2173 cuins

261 2215 457 2280 etiamnunc
491 2216 520 2280 in
553 2223 692 2282 veterum
725 2218 1000 2300 grammaticorum
1020 2215 1158 2299 reliquiis
1179 2213 1330 2278 memoria

263 2324 412 2402 superest.
468 2322 549 2388 Fieri
570 2323 676 2406 itaque
698 2325 832 2406 potuisse
854 2323 1059 2390 confitendum
1083 2326 1139 2399 est,
1162 2320 1250 2386 utin
1273 2319 1332 2384 hec

261 2428 434 2493 communis
458 2430 490 2494 et
511 2429 627 2512 recepti
655 2431 759 2496 tortus
788 2431 973 2513 expolitione
1001 2449 1062 2495 uno
1086 2431 1119 2494 et
1144 2427 1241 2492 altero
1263 2425 1330 2491 loco

263 2553 344 2596 error
358 2533 471 2617 aliquis
487 2535 667 2601 vocabulum
684 2535 847 2618 antiquum
862 2539 917 2604 eut
932 2535 1169 2619 grammaticam
1182 2532 1331 2598 orationis

263 2640 393 2705 formam
437 2641 500 2707 leni
540 2641 746 2707 declinatione
783 2643 960 2710 obscuraret
997 2644 1082 2708 nullo
1119 2639 1229 2706 relicto
1265 2637 1331 2702 rori

262 2747 403 2828 vestigio.
458 2747 547 2826 Quod
580 2748 607 2812 si
639 2748 707 2831 quis
740 2749 888 2814 obiecerit
919 2747 1096 2813 huiusmodi
1129 2764 1270 2819 errorem,
1304 2744 1331 2808 si

263 2853 422 2917 sententiae
445 2855 593 2934 officeret,
616 2856 786 2920 necessario
809 2853 921 2920 sentiri
943 2853 1087 2920 debuisse
1102 2852 1142 2918 ab
1156 2853 1231 2934 ipsis
1247 2852 1331 2916 anti-

261 2957 331 3039 quis
358 2958 536 3033 lectoribus,
565 2960 657 3025 aliter
682 2959 843 3036 iudicabit,
870 2962 923 3044 qui
949 2961 981 3025 in
1003 2959 1116 3026 nostris
1138 2958 1330 3040 aliommque

263 3063 445 3146 populorum
458 3067 664 3132 recentiorum
675 3067 864 3134 carminibus
872 3064 1093 3148 cantilenisque
1105 3065 1329 3149 antiquioribus

261 3172 449 3238 intellexerit
470 3174 625 3238 interdum
646 3172 713 3238 ficri
735 3191 837 3254 posse,
858 3173 895 3237 ut
918 3171 950 3236 in
966 3171 1102 3236 carmine
1118 3171 1233 3256 aliquo,
1247 3168 1331 3253 quod

261 3278 435 3343 universnm
459 3281 541 3345 recte
563 3279 755 3362 intelligatur
776 3279 1011 3362 frequenterque
1033 3297 1103 3342 cum
1126 3278 1329 3343 delectatione

260 3384 418 3460 recitetur,
441 3385 628 3460 decantetur,
650 3385 804 3460 audiatur,
826 3402 909 3450 error
931 3384 1043 3467 aliquis
1065 3403 1169 3450 reram
1183 3381 1331 3448 orationis

259 3491 481 3576 sententiaeque
509 3491 641 3557 lormam
668 3492 835 3558 obscurans
864 3489 1026 3558 audientes
1058 3491 1164 3556 tamen
1185 3487 1276 3554 fallat
1297 3486 1330 3550 et

242 3597 412 3679 paulatim
433 3597 633 3664 assuetudine
655 3599 880 3681 comprobetur.

359 3704 394 3768 ln
417 3703 524 3770 Iliadis
546 3702 626 3769 libro
649 3703 707 3776 ΙΙΙ,
729 3703 769 3766 39
791 3722 859 3786 sqq.
884 3703 1000 3768 Hector
1021 3701 1166 3767 Paridem
1184 3698 1329 3765 Menelao

258 3808 370 3875 timide
392 3809 520 3876 cessisse
539 3807 704 3893 indignans
717 3808 873 3892 melleque
891 3827 924 3874 se
941 3809 1056 3881 dicens.
1072 3827 1143 3872 eum
1159 3826 1328 3890 numquam

259 3918 367 3980 natum
388 3915 482 3981 fuisse
504 3920 558 3980 aut
572 3933 696 3980 uxorem
711 3915 842 3993 duxisse,
859 3914 899 3979 ad
914 3918 1084 3980 extremum
1100 3914 1146 3979 sio
1162 3914 1329 3979 exclamat:

344 4023 399 4088 καί
421 4047 457 4088 νο
479 4016 517 4088 τὸ
540 4020 748 4105 βουλοίμην,
771 4020 827 4086 ναί
850 4045 908 4086 ιιεν
930 4013 1020 4084 πολι)
1045 4019 1176 4103 κέρδιον
1196 4012 1259 4105 ἦεν

341 4123 363 4214 ἢ
386 4125 473 4195 οὕτω
497 4123 612 4213 λώβην
634 4120 663 4192 τ’
687 4133 805 4212 ἔμινοιι
828 4126 884 4192 uui
906 4118 1061 4200 ὑπόψιον
1083 4122 1204 4194 ἄλλων.
