3012 4652
533 321 674 377 Ciceronis
692 324 838 379 orationes.
1124 329 1181 392 14?

155 514 313 591 dicuntum
344 517 398 582 sed
425 516 499 602 quid
529 519 571 584 sit
599 519 636 583 in
659 523 811 604 gremio
833 525 1074 592 consulatus
1105 519 1223 612 aliquid

154 621 294 703 sepelire,
332 642 456 705 prorsus
488 644 548 690 ncn
582 625 736 710 intelligo;
770 647 839 693 nam
875 634 906 696 et
938 631 1037 716 ipsum
1071 634 1223 716 gremium

154 728 329 794 consulatus
362 730 522 797 ridiculam
555 730 650 797 habet
681 733 859 818 imaginem,
892 738 924 803 et
954 740 984 804 in
1015 740 1131 824 gremio
1153 759 1221 823 quae

155 835 334 913 conduntur,
358 837 460 920 potius
487 838 610 904 tutandi
632 842 889 926 conservandique
912 862 1002 911 causa
1022 865 1113 929 quam
1131 865 1221 929 sepe-

153 940 248 1006 liendi
277 943 457 1010 conduntur.
512 946 557 1011 llx
578 935 627 1025 iis,
657 966 724 1030 quae
754 953 938 1032 sequuntur:
974 953 1222 1036 Persequere

154 1049 413 1116 continentes
434 1050 498 1116 his
520 1051 732 1120 funeribus
757 1054 1008 1141 dies,‘apparet
1026 1060 1167 1142 tempora
1189 1061 1222 1125 et

154 1155 292 1221 ordinem
314 1175 415 1222 rerum
439 1177 456 1224 a
478 1157 623 1225 Cicerone
646 1159 886 1246 hiesignificata
901 1183 968 1230 esse
983 1167 1221 1251 consulatusque

153 1262 277 1328 initium
299 1283 369 1329 eum
393 1264 505 1332 dixisse
527 1267 565 1331 ab
588 1267 701 1351 legum,
734 1287 811 1351 quas
833 1271 1061 1350 commemorat
1092 1276 1123 1338 et
1149 1290 1222 1338 cen-

154 1369 240 1435 soria
272 1371 437 1453 potestatis
471 1372 628 1438 eversione
657 1373 771 1439 lactum
802 1394 878 1442 esse.
933 1377 1104 1462 Scripserat
1124 1379 1223 1464 igitur

154 1479 271 1543 Cicero:
305 1478 344 1543 in
379 1477 530 1563 proemio
564 1480 728 1562 sepulta
760 1484 997 1550 consulatus
1027 1484 1098 1548 tui.
1124 1483 1220 1550 ¹(lum

154 1585 300 1667 prooemio
323 1585 424 1669 operis
445 1587 567 1652 initium
591 1585 765 1652 consulatus
786 1591 952 1672 comparat

252 1703 331 1768 Ibid.
357 1705 411 1769 17:
434 1725 518 1771 eum
538 1705 700 1772 videres
731 1725 891 1772 maerere
913 1727 990 1774 rem
1017 1709 1220 1791 publicam

42 1821 45 1828 '
153 1809 399 1893 amplissimi
421 1811 577 1878 ordinis
605 1814 735 1892 luctu,
766 1815 944 1881 onoster
968 1814 1220 1882 misericors!

153 1918 245 2001 quid
272 1917 398 1985 facis?
441 1919 644 2003 Respublica
666 1918 729 1986 suis
750 1919 952 1988 incommodis
974 1922 1129 1998 maerebat,
1158 1941 1217 1988 non

153 2025 280 2091 senatus
302 2024 398 2091 luctu.
445 2023 548 2092 Cicero
569 2026 748 2108 scripserat:
771 2046 855 2093 cum
876 2029 1038 2096 videres
1053 2046 1220 2097 maronem

153 2132 188 2196 R.
205 2132 239 2202 P.
263 2131 319 2208 (rei
335 2131 490 2214 publica),
513 2133 761 2215 amplissimi
782 2134 938 2202 ordinis
960 2135 1091 2204 luctum.
1128 2137 1222 2203 llrror

153 2239 237 2306 ortus
261 2241 308 2304 est
330 2239 444 2306 omissa
466 2240 539 2304 ncta
561 2239 673 2306 litterae
695 2241 772 2320 αι’)

250 2345 329 2411 Ibid.
356 2347 412 2412 66:
435 2346 669 2413 Conuiuium
691 2347 895 2431 publicum
917 2368 992 2415 non
1010 2298 1220 2434 dignitatis

151 2471 270 2519 causa
300 2452 443 2531 inibit,
477 2454 556 2520 nisi
590 2453 711 2535 forte,
745 2460 787 2522 ut
813 2473 899 2522 cum
920 2457 1108 2539 patribus
1130 2475 1221 2522 con·

152 2559 427 2644 scriptis,huc
448 2563 525 2641 est,
542 2579 626 2626 cum
648 2562 898 2630 amatoribus
920 2562 1005 2627 suis
1027 2565 1143 2629 cenet
1161 2566 1219 2629 cet

152 2668 203 2734 Sic
224 2668 289 2733 cod.
311 2667 348 2732 V.
393 2669 557 2734 Amatores
580 2666 700 2734 Pisonis
721 2670 823 2752 patres
838 2667 1005 2750 conscripti
1018 2686 1073 2751 per
1088 2667 1220 2734 ironiam

152 2775 211 2841 dici
234 2774 295 2840 nisi
317 2793 388 2840 cum
409 2776 497 2840 foedae
519 2774 564 2840 rei
586 2773 808 2858 significatione
822 2776 872 2841 uix
887 2775 1040 2858 poterant,
1055 2775 1217 2858 magisque

152 2881 191 2946 ad
213 2881 332 2946 Pisonis
354 2881 385 2946 in
408 2881 511 2965 patres
533 2897 626 2964 qnam
647 2880 688 2946 ad
709 2882 832 2963 patmm
854 2882 885 2946 in
911 2881 1052 2946 Pisonem
1074 2881 1219 2947 affectum

152 2989 236 3053 iocus
258 2985 411 3070 pertinere
432 2988 532 3053 debet.
580 2985 665 3052 Nihil
686 2988 791 3052 tamen
812 3005 979 3066 moverem,
993 2985 1056 3052 nisi
1072 2988 1102 3052 in
1119 2987 1220 3053 codice

152 3094 351 3178 palimpsesto
375 3092 555 3159 Taurinensi
577 3095 609 3158 et
630 3093 741 3159 ceteris
770 3093 955 3160 scriberetur
986 3094 1219 3160 maioribus.

152 3204 266 3284 Aperte
288 3200 496 3285 significatur:
519 3198 591 3264 hoc
613 3201 689 3272 est.
711 3219 794 3267 cum
810 3199 974 3268 amoribus
989 3199 1075 3266 suis
1095 3204 1220 3268 cenet.

152 3311 282 3374 Amores
311 3310 343 3372 et
372 3306 488 3372 deliciae
518 3305 639 3372 Pisonis
666 3308 820 3372 senatores
848 3306 1051 3390 appellantur,
1080 3327 1166 3392 qnos,
1195 3309 1220 3375 si

152 3411 290 3480 Ciceroni
323 3413 487 3491 eredimus,
519 3413 720 3478 infestissime
752 3412 869 3490 oderat,
902 3412 1055 3497 quomodo
1085 3413 1219 3498 Philipp.

152 3520 241 3601 XIII,
265 3519 305 3583 26
333 3518 492 3585 deliciae
515 3520 636 3603 atque
658 3537 811 3584 amores
833 3518 973 3602 populi
995 3519 1160 3586 Romani
1184 3520 1219 3586 b.

152 3627 306 3693 Antonius
329 3625 510 3709 appellatur,
532 3624 614 3691 idem
629 3625 702 3691 ibid.
719 3625 802 3697 XIV,
819 3623 838 3688 8
854 3626 920 3690 sine
942 3623 1041 3690 ironia
1062 3625 1223 3710 insigne

205 3897 232 3966 *)
251 3895 380 3953 Proxima
404 3895 586 3967 paragrapho,
610 3894 659 3950 ubi
683 3893 823 3950 scribitur:
853 3900 888 3950 ut
915 3898 1052 3949 senatus
1072 3934 1077 3947 .
1098 3933 1104 3947 .
1124 3933 1157 3947 ..
1181 3893 1222 3949 ad

253 3989 412 4045 restitum
438 3987 578 4058 rediret,
604 4003 709 4058 rereor,
730 4005 765 4045 ne
788 3989 822 4044 ab
846 3992 955 4045 oratore
980 3986 1111 4057 scriptum
1138 3985 1236 4051 fuant

255 4082 295 4138 ad
312 4082 471 4139 vestitum
491 4086 647 4149 <suum>.
686 4081 804 4139 Senatus
822 4088 925 4139 uestem
942 4085 1095 4138 mutauerat
1113 4087 1223 4151 sumpta

255 4175 384 4246 equestri,
402 4191 458 4231 non
475 4180 580 4232 vestem
597 4179 736 4244 posuerat.

971 4274 1024 4335 10*
