2974 4660
590 299 800 357 Demosthenes.
1149 297 1189 360 35

161 485 349 560 αἀολιαεῖν
371 488 490 562 αὐτόν.
534 496 678 560 ldrrorem
699 492 808 578 genuit
829 495 884 560 ant
897 493 1009 561 litturae
1024 521 1046 582 η
1061 495 1231 589 geminatio

162 602 218 665 aut
250 601 402 685 ignoratio
434 601 576 668 vocabuli
609 604 690 689 ἰθέῃ
718 601 857 668 absolute
886 621 940 685 pro
962 602 1106 668 adverbio
1128 602 1232 683 positi,

162 708 423 789 quomadmodum
462 707 537 773 alibi
566 702 631 793 την
670 710 772 772 ἰθέαν
813 708 845 773 et
881 713 915 773 ἐκ
937 710 999 794 της
1020 711 1129 794 ἰθέης,
1151 710 1232 793 apud

164 812 325 881 Platonem
348 808 472 900 εόθεόᾳ
494 815 680 898 περαίνειν.

489 1276 496 1290 .
603 1233 690 1316 (lap.
713 1233 785 1303 Ill.

596 1386 806 1443 Demosthenes.

264 1573 486 1640 Demosthenis
508 1571 661 1638 orationes
683 1572 755 1638 inde
777 1575 815 1640 ab
839 1574 1085 1642 duodevicesima
1114 1579 1232 1662 perlegi

163 1681 264 1746 denuo
287 1700 315 1746 a.
355 1679 446 1758 1875,
473 1696 543 1744 curn
568 1677 750 1761 Leptineum
775 1681 888 1746 scholis
914 1683 1111 1748 enarraturus
1137 1702 1230 1758 oram,

162 1803 239 1870 quas
270 1785 430 1851 oculorum
460 1783 565 1849 subito
596 1783 811 1868 ingravescens
838 1786 992 1852 hebetudo
1016 1789 1158 1855 omittere
1181 1810 1231 1857 mo

161 1891 272 1976 coegit.
316 1891 353 1957 ln
376 1910 412 1957 ea
433 1888 564 1956 lectione
587 1890 733 1956 nonnulla
753 1891 902 1957 annotavi
924 1894 957 1958 et
971 1895 1140 1976 emendavi,
1162 1914 1231 1979 quoe

161 1998 296 2064 editione
318 2017 380 2064 non
401 1995 531 2080 indigna
552 1999 635 2080 puto.

261 2171 378 2251 xvssl,
403 2171 478 2236 135:
516 2164 654 2238 Οόκοῦν
686 2167 743 2237 ὅτε
776 2169 901 2240 τούτου
928 2177 1113 2260 μέλλοντος
1141 2171 1231 2264 α’πή-

160 2281 264 2346 λασεν
286 2271 309 2364 ἦ
331 2273 441 2364 βονλη
464 2280 519 2345 καὶ
542 2282 746 2365 προσέταξεν
759 2282 872 2366 ἑτέρῳ,
891 2276 969 2348 τότε
985 2283 1040 2350 καλ
1056 2279 1231 2370 προδότην

160 2386 248 2452 εἶναι
280 2388 335 2452 καὶ
370 2379 538 2452 κακόνουν
571 2380 657 2472 όμῑν
690 2380 876 2472 α’πέφηνεν.
944 2388 1129 2456 Mendosum
1164 2410 1230 2458 esse

76 2477 81 2486 ’
159 2486 285 2558 τοότοο
305 2495 493 2578 μέλλοντος
509 2511 565 2575 pro
580 2510 625 2568 eo,
649 2493 730 2575 quod
753 2492 815 2559 diui
837 2493 978 2574 debebat,
1001 2497 1125 2562 τοῦτον
1147 2500 1231 2582 μέλ-

160 2603 263 2666 λοντα
287 2601 397 2686 λέγειν
419 2600 469 2666 vol
490 2599 595 2682 potius
617 2599 743 2665 τοῦτον
763 2602 932 2684 μέλλοντα
956 2595 1116 2667 σύνδικον
1136 2605 1230 2668 στέλ-

160 2711 303 2783 λεοθαι,-
331 2707 474 2790 apparet3
508 2705 614 2787 itaque
636 2705 720 2770 varie
750 2707 783 2770 et
813 2705 931 2771 librarii
951 2705 1177 2789 interpolarunt
1198 2708 1230 2772 et

160 2811 312 2896 corrigere
350 2812 535 2879 recentiores
570 2813 740 2885 tentarunt,
775 2829 866 2876 nemo
902 2812 1115 2895 probabiliter.
1167 2813 1230 2877 llx-

158 2918 300 2985 cidemnt
320 2917 433 2985 litterae
455 2917 574 3001 aliquot
595 2918 721 2999 propter
747 2915 897 2983 similium
918 2919 1072 2994 viciniam,
1098 2938 1169 2985 eum
1184 2919 1229 2986 sic

158 3026 307 3109 scriptum
330 3025 455 3092 fuisset:
492 3018 632 3091 Οὐκοῦν
653 3019 710 3089 ὅτε
732 3025 893 3092 τοῦτον
907 3025 1028 3110 <cod
1044 3021 1229 3113 όήμον>

159 3126 335 3206 ἑλόντος
356 3125 534 3218 α’πηλαοεν
555 3124 579 3216 η
599 3125 711 3217 βουλή
734 3156 764 3196 κ.
786 3157 816 3196 τ.
839 3132 872 3197 λ.

172 3321 174 3326 ,
247 3236 326 3304 lbid.
340 3238 415 3306 210:
433 3239 488 3305 καὶ
500 3232 789 3322 παραλαμβάνειν
800 3262 838 3324 με
851 3233 924 3324 ἅμα
937 3239 979 3326 τῇ
990 3239 1161 3324 βακτηρίᾳ
1173 3241 1227 3304 καὶ

157 3345 204 3432 τῷ
227 3337 390 3434 συμβόλῳ
412 3342 450 3413 τό
467 3341 628 3431 φρόνημα
643 3342 682 3410 τό
698 3345 760 3428 τῆς
774 3337 905 3419 πόλεως
919 3345 1073 3431 νομίζειν
1087 3355 1230 3412 ἕκαστον

156 3445 255 3535 ὑμῶν
287 3452 350 3527 δεῖ,
383 3448 467 3518 ὅταν
498 3450 540 3518 τό
571 3444 719 3537 δημόσια
747 3450 871 3537 εἰσίητε
900 3451 1110 3538 κρινοῦντες,
1132 3454 1228 3538 εἴπερ

157 3555 233 3635 ἄξια
265 3559 403 3624 ἐκείνων
433 3553 597 3643 πράττειν
625 3561 744 3624 οἴεσθε
766 3559 897 3643 χρῆναι.
950 3557 1021 3623 Non
1054 3558 1131 3624 sabis
1163 3561 1230 3624 erat

158 3665 278 3732 iudices
309 3667 419 3748 putare
449 3683 481 3729 ss
511 3664 649 3732 ciuitatis
679 3663 774 3729 animi
802 3663 1050 3748 magnitudinem
1071 3658 1121 3741 (τό
1145 3661 1229 3749 φρό-

158 3796 255 3857 νημα
277 3766 315 3838 τό
338 3771 401 3856 τῆς
423 3763 567 3849 πόλεως)
599 3769 764 3852 suscipere,
798 3769 853 3835 sed
884 3769 986 3852 ipsum
1018 3769 1101 3836 hunc
1133 3770 1230 3861 animi

157 3877 300 3943 habitum
321 3896 429 3961 reapse
452 3878 604 3960 suscipere
627 3875 787 3942 debebant.
828 3875 937 3958 ltaque
952 3893 1076 3957 prorsus
1091 3875 1230 3958 suspicor

158 3984 314 4071 νομίζειν
336 3984 419 4049 mala
440 4003 535 4050 manu
555 3983 697 4049 additum
719 4001 786 4048 esse
810 3982 1110 4065 Demosthenemque
1132 3983 1228 4066 sarip-

158 4092 237 4159 sissa
259 4093 396 4158 tantum:
430 4091 485 4158 καὶ
508 4083 799 4176 παραλαμβάνειν
820 4114 859 4176 γε
892 4082 966 4173 ἅμα
988 4089 1031 4178 τῇ
1058 4089 1229 4176 βακτηρίᾳ

992 4227 1029 4282 3ο
