3012 4652
562 328 701 386 Ciceronis
720 321 875 399 epistolae.¹
1140 329 1197 392 171

173 525 235 590 est
265 523 444 605 firmius,
477 526 511 592 id
542 527 600 606 est,
631 546 694 594 une
726 527 864 595 detractu
895 528 1000 594 litters
1035 528 1241 613 restitutoque

173 628 327 697 scribendi
350 632 546 716 compendio:
569 632 623 699 SC
645 635 951 715 (senatusconsulto,
974 635 1096 720 queit,
1119 634 1200 720 quod
1224 655 1242 702 e

172 734 281 802 Clodio
303 737 401 804 letum
425 740 515 819 esset,
538 739 734 826 privilegium
754 741 942 834 iudicaretur
963 741 1146 826 irritumque
1172 761 1240 809 esse

170 841 341 922 iuberetur)
372 844 434 910 est
462 844 622 913 firmius
651 849 766 933 (legem
787 848 952 934 abrogari).
999 849 1109 915 Pusilli
1131 850 1240 917 erroris

170 949 316 1017 eorrectio
346 951 439 1017 simul
464 951 704 1021 admonitionem
727 955 829 1036 habet,
853 975 945 1041 quem
968 955 1172 1022 insistendum
1199 956 1241 1021 sit

171 1057 283 1124 codicis
305 1058 438 1126 Medicei
459 1059 607 1144 vestigiis.

270 1176 349 1243 Ibid.
383 1178 441 1258 IV,
480 1179 514 1257 l,
549 1180 585 1245 l:
639 1198 855 1266 cognoram
899 1183 1018 1260 enim,
1062 1185 1104 1248 ut
1147 1200 1239 1248 vere

172 1283 362 1362 scribam,
395 1285 434 1350 te
467 1285 506 1350 in
542 1287 732 1353 consiliis
761 1288 858 1353 mihi
888 1288 1032 1354 dandis
1057 1307 1128 1355 neo
1155 1288 1239 1354 for·

170 1389 318 1456 tiorem
347 1409 418 1458 neo
443 1392 749 1474 prudentiorem
779 1413 894 1478 quem
923 1413 979 1461 me
1008 1394 1140 1480 ipsum
1168 1415 1239 1463 nee

169 1496 291 1562 etiem
313 1499 479 1582 propter
501 1517 623 1566 meam
645 1499 738 1565 inte
755 1501 1238 1568 observentiemnimium
1275 1501 1277 1506 ’

167 1603 205 1668 iu
228 1604 417 1670 custodie
439 1605 591 1672 salutis
613 1625 706 1672 mese
726 1606 987 1690 diligentem,
1003 1609 1237 1690 eundemque
1302 1611 1303 1616 ’

169 1712 224 1790 te,
257 1710 323 1795 qui
358 1710 501 1795 primis
531 1713 784 1796 temporibus
819 1714 969 1781 erroris
1004 1713 1135 1780 nostri
1167 1715 1239 1780 cut

165 1818 304 1899 potius
326 1818 479 1885 luroris
500 1819 709 1904 particeps
737 1824 776 1887 et
798 1820 895 1886 fulsi
918 1820 1081 1888 timoris
1102 1818 1237 1887 socius

166 1923 339 2004 fuisses,
358 1926 624 1992 acerbissime
648 1926 866 1994 discidium
888 1928 1070 1994 nostrum
1094 1927 1237 1993 tulisse

167 2031 225 2096 cet.
270 2031 388 2098 Omitto
408 2031 564 2100 infelicem
578 2032 746 2100 Hoimenni
763 2035 979 2115 coniecturam,
1003 2053 1096 2119 quem
1112 2036 1236 2100 secutus

168 2137 310 2204 Baiterus
341 2158 399 2205 me
431 2159 486 2223 pro
520 2159 593 2206 nec
626 2140 761 2223 scripsit.
816 2143 946 2210 Pmrsus
975 2141 1042 2208 fieri
1063 2143 1178 2225 nequit,
1201 2145 1237 2206 ut

166 2245 245 2312 inter
268 2245 327 2311 duo
350 2247 512 2326 contrarie,
535 2265 602 2331 quae
626 2247 657 2312 in
681 2247 778 2314 Attici
800 2268 931 2333 persona
952 2249 1098 2316 notentur
1121 2251 1174 2327 (te
1196 2248 1236 2314 in

168 2353 361 2419 consiliis
394 2354 452 2422 cet.
486 2358 518 2420 et
550 2355 799 2438 eundemque
832 2359 870 2422 to
903 2359 987 2435 oet),
1022 2355 1235 2440 interponetur

165 2456 294 2542 aliquid,
325 2460 407 2544 quod
436 2459 476 2525 ad
499 2460 678 2528 Ciceronem
698 2460 802 2545 ipsum
824 2462 994 2544 pertineat;
1024 2462 1100 2547 quid
1122 2462 1234 2529 deinde

166 2567 322 2634 coniuncti
354 2566 471 2634 hebent
503 2566 656 2633 Ciceronis
689 2568 721 2632 in
754 2567 894 2633 Atticum
928 2569 1122 2636 observantie
1151 2571 1183 2634 et
1202 2570 1235 2635 in

168 2691 230 2739 suae
252 2674 362 2740 salutis
384 2674 525 2741 custodie
547 2674 735 2759 diligentie?
763 2671 877 2741 Verum
899 2694 960 2741 non
982 2677 1084 2741 minus
1107 2695 1235 2759 pravum

166 2781 221 2861 est,
245 2781 388 2847 Atticum
409 2782 534 2865 propter
562 2780 716 2847 Ciceronis
748 2781 781 2845 in
813 2801 846 2846 se
878 2782 1103 2849 observantiam
1132 2783 1235 2850 minus

165 2888 348 2972 diligentem
370 2889 464 2954 luisse
485 2887 518 2952 in
541 2887 607 2954 eins
629 2887 738 2953 salutis
761 2887 908 2954 custodie.
945 2889 1075 2956 Etiamsi
1098 2890 1235 2955 violente

165 2995 336 3062 mutatione
357 2996 474 3062 scribes
495 3013 564 3078 pro
587 2994 799 3079 praeterite
821 3014 903 3060 mea
924 2995 963 3060 iu
985 2997 1025 3062 te
1048 2998 1138 3076 obs,
1154 2995 1235 3062 nihil

80 3099 84 3106 “
165 3101 315 3168 efficietur
337 3100 398 3168 nisi
418 3102 594 3184 importune
616 3102 648 3166 et
669 3101 776 3167 odiose
803 3103 899 3168 Attici
921 3104 1125 3187 reprehensio,
1151 3105 1235 3187 quod

164 3227 224 3276 non
247 3208 324 3275 setis
347 3208 550 3274 observantie
572 3207 727 3274 Ciceronis
755 3209 959 3291 responderit.
1014 3209 1097 3292 Quid
1118 3210 1235 3288 Cicero,

165 3335 224 3398 quo
257 3316 323 3381 erat
355 3315 422 3380 tum
455 3315 550 3380 animi
583 3315 706 3395 affectu,
739 3315 919 3382 timiditatis
953 3337 1016 3383 susc
1047 3318 1169 3402 culpem
1199 3337 1235 3382 ex

165 3423 269 3506 alique
301 3421 389 3505 perte
422 3421 454 3486 iu
489 3421 605 3487 amicos
636 3422 832 3500 transferens,
856 3422 985 3488 senserit
1007 3422 1234 3506 scripseritque,

164 3530 292 3613 apparet
315 3548 350 3595 ex
372 3527 445 3595 libri
467 3526 551 3594 tertii
573 3546 620 3611 ep.
646 3529 693 3607 15,
722 3529 751 3607 4,
782 3528 834 3595 ubi
857 3529 972 3608 Cicero,
1003 3531 1039 3594 nt
1065 3529 1096 3594 in
1129 3531 1234 3596 Attice

165 3656 273 3721 parum
304 3634 364 3702 sibi
396 3635 519 3700 consilii
552 3637 583 3700 et
617 3633 723 3700 auxilli
754 3635 850 3700 luisse
880 3636 968 3719 queri
994 3634 1104 3719 possit,
1137 3637 1234 3718 oulpee

164 3746 282 3828 partem
305 3742 338 3807 in
361 3761 394 3808 se
415 3742 573 3820 transfert,
591 3741 671 3825 quod
691 3742 783 3806 antee
804 3760 864 3806 non
886 3742 963 3807 setis
986 3743 1125 3808 Atticum
1148 3744 1234 3808 eolu-

165 3850 233 3916 erit.
280 3850 390 3934 Itaque
420 3848 479 3914 hoc
506 3865 626 3932 quoque
648 3849 713 3914 loeo
736 3849 781 3914 sic
802 3849 982 3932 scripserat:
1017 3867 1233 3932 cognoram

164 3956 282 4034 enim,
321 3956 362 4020 ut
397 3974 489 4021 vere
525 3954 716 4035 scribam,
753 3956 790 4020 te
832 3955 871 4020 in
908 3955 1101 4022 consiliis
1137 3957 1233 4022 milri

165 4062 310 4128 dandis
342 4081 413 4129 nec
445 4061 659 4128 fortiorem
687 4082 758 4129 nec
785 4062 1092 4147 prudentiorem
1121 4083 1232 4147 quem

163 4187 220 4234 me
252 4168 381 4254 ipsum
411 4187 496 4249 nec,
529 4169 651 4235 etism
681 4170 847 4253 propter
876 4189 997 4236 meum
1020 4169 1060 4235 in
1084 4171 1121 4235 te
1143 4169 1234 4238 inet
