3008 4654
657 318 778 374 Tacitus.
1149 317 1209 387 235

284 511 365 580 ibid
388 515 428 578 56
451 515 495 592 (in
523 515 655 584 Neronis
683 516 723 582 ad
751 515 900 582 Senecam
929 516 1098 594 oratione):
1132 515 1250 595 Quin,

177 621 216 686 si
246 639 320 704 qua
350 619 388 684 in
417 624 531 706 parte
560 622 759 690 lubricum
787 622 1081 690 adolescentiae
1103 624 1250 688 nostrae

180 725 382 807 declinat,
415 745 579 794 revocas
612 731 878 812 ornatumque
909 729 1031 796 robur
1064 727 1250 796 subsidio

179 833 409 916 impensius
431 835 566 916 regist>
608 834 718 920 Neque
748 834 786 900 ab
813 835 902 901 initio
924 835 1015 900 robur
1037 838 1171 911 ornatur,
1195 835 1248 901 sed

182 939 311 1023 lingitur
343 941 375 1004 et
406 941 622 1013 conformatur,
656 960 754 1025 neque
786 942 913 1008 ornandi
935 941 1053 1008 roboris
1075 961 1154 1008 curae
1177 961 1249 1008 con·

182 1045 320 1111 tinuatur
340 1046 406 1112 eius
427 1047 554 1132 regendi
576 1047 720 1126 officium,
750 1048 807 1114 sed
835 1049 968 1134 graviori
990 1047 1111 1128 muneri
1132 1047 1248 1114 roboris

176 1151 278 1236 ipsius
301 1151 453 1218 efficiendi
477 1159 508 1218 et
530 1154 747 1220 constituendi.
783 1153 900 1242 Opinon
914 1155 1058 1222 Tacitum
1072 1153 1248 1237 scripsisset

181 1258 430 1341 formatumque
452 1259 572 1324 robur
593 1259 778 1327 subsidio
800 1261 1024 1344 impensius
1048 1261 1166 1346 regis.

281 1363 487 1452 Intonat:
510 1365 598 1445 Quae
620 1367 919 1434 ubiOorbnloni
942 1371 1068 1434 certis
1090 1367 1249 1434 nuntiis

178 1469 326 1538 audita
348 1475 457 1549 sunt,
474 1465 658 1556 legiones
681 1475 875 1541 duascnm
891 1473 1248 1540 VerulanoSevero

176 1583 221 1644 et
258 1577 397 1643 Vettio
434 1579 585 1643 Bolano
621 1580 846 1647 subsidium
883 1581 1052 1666 Tigrani
1095 1581 1246 1655 mittit,

182 1685 342 1750 occulto
387 1687 603 1768 praecepto,
647 1687 916 1771 compositius
953 1690 1098 1754 cuncta
1134 1706 1248 1771 quam

177 1789 457 1856 festinantius
493 1796 678 1875 agerent;
721 1792 868 1878 quippe
910 1795 1062 1861 bellum
1098 1793 1247 1860 babere

176 1915 292 1981 quam
314 1914 454 1982 gerere
476 1896 664 1964 malebat.
716 1899 824 1983 Neque
847 1903 947 1985 turpe.
970 1902 1051 1985 quod
1073 1899 1122 1966 bis
1144 1898 1247 1964 verbis

179 2005 210 2070 in
234 2003 438 2070 Corbulonem
460 2005 622 2082 confertur,
652 2006 768 2071 crimen
797 2007 871 2073 belli
901 1995 963 2072 suae
986 2007 1134 2073 utilitatis
1156 2023 1248 2071 causa

173 2111 322 2178 trahendi
354 2111 419 2176 ulla
451 2130 487 2176 ex
521 2117 608 2194 parte
641 2131 710 2178 cnm
743 2113 861 2198 reliqua
893 2113 993 2180 Taciti
1016 2112 1055 2179 de
1076 2111 1247 2179 Corbulone

175 2217 352 2283 narratione
384 2219 416 2282 et
444 2218 559 2284 iudicio
588 2221 748 2298 consentit,
777 2240 875 2305 neque
905 2215 944 2286 ea¹
963 2221 1096 2304 suspicio
1118 2239 1153 2284 ex
1174 2237 1244 2301 pru·

174 2325 266 2390 denti
288 2323 376 2390 ducis
398 2325 603 2407 compositius,
621 2343 711 2410 quam
739 2321 938 2396 festinantius
960 2326 1073 2410 agendi
1094 2326 1245 2409 praecepto

173 2431 251 2496 oriri
284 2433 414 2514 poterat,
448 2449 547 2515 neque
578 2431 641 2498 ullo
674 2433 765 2498 modo
799 2434 843 2499 sic
875 2433 936 2499 dici
969 2432 1108 2501 absolute
1144 2431 1247 2513 potest

174 2538 324 2604 babere
346 2537 495 2604 bellum
516 2558 630 2622 proco,
653 2539 736 2624 quod
755 2541 802 2606 est
824 2539 969 2605 ducere
991 2544 1045 2604 aut
1068 2536 1242 2615 trabere,

177 2646 233 2710 ant
266 2644 452 2711 contrarium
487 2644 559 2729 poni
592 2645 760 2730 gerendi
794 2646 902 2722 verbo;
937 2663 1008 2710 nam
1041 2643 1095 2728 qui
1127 2643 1242 2709 bellum

177 2751 269 2836 gerit,
290 2751 426 2833 profecto
448 2769 570 2833 semper
591 2750 694 2816 babet.
738 2751 911 2834 Scripserat
932 2752 1075 2817 Tacitus:
1099 2749 1244 2815 ballum

177 2874 294 2926 cavere
317 2877 431 2942 quam
453 2868 593 2941 gerere
614 2859 843 2936 malebat.*)

279 3129 372 3182 nescio
392 3146 446 3198 quo
466 3130 519 3184 alio
538 3129 689 3200 proposito,
709 3127 757 3182 sed
775 3129 827 3182 hoc
846 3128 908 3195 dici,
928 3129 1030 3184 nullam
1047 3129 1072 3182 ei
1087 3128 1246 3184 ulteriorem

279 3237 369 3276 rerum
388 3221 569 3291 gerendarum
587 3221 744 3277 iacrrltatem
763 3222 924 3292 permissam
946 3222 1078 3290 brevique
1101 3231 1164 3292 post
1182 3239 1244 3292 pro·

280 3315 398 3370 vinciam
418 3317 496 3370 altari
515 3316 623 3371 tradere
642 3317 745 3371 iussum
762 3333 794 3370 eo
806 3322 949 3386 praetexto‚
970 3314 1043 3382 quod
1060 3315 1162 3369 bellum
1182 3332 1197 3369 a
1216 3332 1246 3371 se
1265 3314 1267 3318 ’

279 3408 433 3463 confectum
461 3410 561 3464 iniuria
589 3410 723 3479 gloriatus
751 3416 832 3464 esset.
879 3407 932 3462 Sed
957 3407 1030 3475 quod
1050 3407 1172 3462 Faernus
1191 3408 1246 3462 de-

281 3508 388 3556 motus
415 3520 465 3572 pro
493 3503 650 3558 detentus
678 3501 760 3556 scribi
787 3501 881 3566 voluit,
910 3499 1018 3554 facilius
1041 3500 1158 3555 addetur
1175 3517 1246 3570 prae-

280 3594 396 3665 positio:
416 3595 641 3663 detentusque
662 3598 746 3660 <a>
767 3595 866 3648 rebus
884 3611 909 3662 g.

227 3687 258 3754 '*)
278 3689 306 3743 C.
326 3689 351 3756 5,
379 3689 426 3742 ubi
454 3705 598 3760 perversus
626 3688 674 3743 ille
705 3686 829 3756 gerundii
856 3687 999 3755 genetivus
1027 3703 1077 3756 pro
1109 3686 1245 3742 infinitivo

212 3837 214 3841 ,
281 3799 375 3838 rursus
394 3783 497 3838 frustra
516 3781 681 3848 defenditur,
706 3797 761 3836 non
780 3779 926 3834 studium
946 3778 1099 3834 addendum
1119 3786 1169 3845 est,
1189 3779 1246 3847 sed,

279 3876 354 3944 quod
381 3875 462 3930 facile
490 3882 554 3944 post
581 3881 677 3930 vetur
706 3873 831 3928 excidere
858 3878 978 3942 poterat,
1007 3871 1107 3926 votum.
1154 3873 1182 3926 C.
1212 3872 1246 3927 13

281 3968 390 4024 omissae
417 3969 493 4023 vocis
521 3969 683 4024 necessariae
711 3981 795 4024 causa
813 3965 970 4035 apparebit,
1004 3965 1028 4020 si
1046 3966 1257 4034 scripserimuss.
1304 4005 1305 4008 η

278 4060 554 4129 Numantinaeque
575 4060 706 4132 <pacis3
724 4063 865 4128 neque>
894 4058 1030 4114 eandem
1056 4066 1107 4114 cet.
1144 4058 1247 4114 Oculus

283 4153 390 4208 librarii
409 4154 545 4209 aberravit
572 4169 589 4208 a
614 4170 729 4222 noeque
756 4153 791 4207 ad
818 4168 931 4220 neque.
967 4151 1071 4206 Animis
1089 4153 1248 4222 ignavorum
