3008 4650
559 293 699 350 Ciceronis
718 293 867 349 oratores,
1143 293 1202 358 119

177 491 424 576 iniquitatis
446 491 936 560 etinertiaeconfessione
960 491 1142 558 defensio
1165 495 1244 560 ori-

176 599 312 676 minis;
335 597 404 665 sed
426 599 557 664 tamen
579 597 649 663 bae
671 597 759 680 ipse
781 599 880 683 cet.*)

280 739 358 804 lbid.
373 739 427 818 IV,
443 739 500 802 54:
522 738 608 821 ipse
630 741 761 805 tamen
784 743 931 823 praetor
953 788 1085 806 .....
1108 743 1146 807 11
1171 743 1243 810 hac
1311 774 1314 779 ·

176 845 350 912 officina
373 847 561 911 maiorem
582 847 735 930 partem
760 843 840 911 diei
865 865 948 912 cum
970 848 1111 915 tunica
1132 851 1244 933 pulla

176 953 319 1018 sedere
341 952 500 1018 solebat
521 954 560 1018 et
583 952 721 1036 pallio.
766 951 855 1016 Nihil
878 953 1019 1019 contrarii
1041 955 1242 1041 significatur,

176 1059 232 1124 sed
255 1059 450 1124 continuatur
471 1061 502 1125 et
524 1061 654 1144 augetur
676 1059 814 1124 eiusdem
835 1059 877 1122 rei
901 1059 933 1124 et
954 1059 1049 1125 studii
1069 1061 1241 1144 descriptio.

179 1167 286 1249 ltaque
308 1165 503 1231 scribendum
526 1167 591 1232 est:
613 1165 701 1248 ipse
722 1165 830 1232 autem
851 1167 997 1249 praetor
1019 1171 1076 1232 cei.

254 1287 257 1294 ⁴
278 1297 420 1373 1111198
442 1307 493 1384 (de
515 1308 550 1374 P.
574 1307 713 1390 Scipione
736 1307 865 1390 antiqua
879 1311 1076 1372 monumenta
1091 1327 1152 1374 non
1167 1311 1242 1375 artis

174 1414 356 1498 contemptu
383 1413 447 1480 suis
475 1413 600 1481 sedibus
622 1412 842 1497 r·elinquente):
876 1433 963 1478 nam
993 1416 1101 1498 quia,
1129 1435 1241 1499 quam

177 1520 346 1603 pulchra
381 1521 536 1598 essent,
572 1519 859 1605 intelligebat,
904 1521 1058 1588 idcireo
1095 1524 1242 1590 existi-

178 1625 1241 1703 1111111111111111111111111111111,111111111-

176 1736 310 1800 natum
333 1733 514 1799 fanorum
536 1735 656 1818 atque
679 1732 915 1817 oppidorum
938 1753 1026 1799 esse
1051 1736 1177 1815 faeta,
1201 1744 1242 1803 ut

172 1841 357 1923 ‘posteris
380 1841 534 1907 nostris
558 1841 812 1906 monumenta
838 1839 1038 1925 religiosa
1065 1862 1152 1910 esse
1181 1849 1242 1913 vi-

176 1943 356 2013 deantur·
399 1947 524 2014 Accidit
545 1948 622 2013 mihi
644 1947 702 2024 hic,
725 1947 804 2031 quod
826 1947 980 2012 interdum
1003 1949 1087 2033 alibi,
1109 1954 1154 2030 ut,
1170 1959 1242 2040 quia

176 2073 232 2121 neo
252 2056 284 2120 in
307 2053 463 2121 codicibus
493 2053 557 2118 ulla
580 2057 628 2120 est
650 2054 780 2120 minima
801 2053 905 2118 mendi
927 2055 999 2120 nota
1021 2076 1076 2123 nec
1098 2059 1242 2144 cuiqnam

174 2181 192 2226 e
221 2161 374 2244 prioribus
402 2161 583 2244 suspicionis
612 2160 730 2246 aliquid
760 2161 901 2227 obortum
924 2161 1055 2243 ridetur,
1079 2165 1155 2232 mihi
1176 2167 1241 2251 ipse

177 2267 309 2352 primum
332 2265 470 2333 diffidam
493 2268 622 2334 haerenti
644 2287 679 2334 ac
694 2267 859 2344 dubitanti,
875 2268 985 2335 deinde
1000 2272 1087 2354 quasi
1102 2273 1241 2340 veritatis

175 2374 309 2458 quodam
333 2374 468 2441 convicio
490 2373 586 2440 animi
608 2375 795 2440 sententiam
818 2375 951 2458 proferre
979 2396 1071 2461 cogar
1092 2379 1242 2465 faterique

175 2500 302 2565 gravem
317 2480 394 2545 mihi
409 2501 445 2547 ac
460 2482 579 2547 eertum
596 2499 729 2546 errorem
744 2482 840 2547 latere
855 2483 961 2547 videri.
992 2483 1072 2548 Nam
1089 2486 1243 2568 postrema

176 2589 241 2654 baec
262 2588 373 2654 verba:
404 2588 446 2652 ut
474 2589 651 2671 posteris
678 2588 834 2654 nostris
864 2591 922 2654 cet.
945 2587 1028 2653 nullo
1057 2590 1148 2655 niodo
1171 2609 1241 2656 cum

173 2696 383 2778 superioribus
399 2695 482 2761 recte
497 2694 666 2771 oohaerent3
683 2695 887 2778 praeterquam
902 2694 984 2759 enim
997 2694 1078 2780 qnod
1090 2695 1241 2762 Ciceronis

174 2802 214 2867 *da
236 2801 376 2884 Scipione
404 2801 555 2867 indicium
583 2799 742 2866 terminari
774 2801 865 2866 debet
886 2801 918 2866 in
942 2802 998 2866 hac
1019 2801 1240 2869 contrariorum

176 2907 339 2974 relatione:
362 2905 948 2985 nonadbominumluxuriem,
971 2889 1242 2978 1111111111-

176 3021 258 3080 tum
279 3019 348 3090 oct,
370 3018 408 3080 ut
429 3012 549 3096 reliqua
576 3014 688 3098 ignave
717 3014 871 3079 adhaerere
901 3016 933 3079 et
960 3016 1043 3082 trahi
1072 3019 1240 3099 videantur,

178 3121 430 3188 manifestissime
458 3123 571 3187 vitiosa
600 3122 672 3186 sunt
700 3122 832 3204 primum
862 3123 1040 3204 posteris
1070 3122 1241 3199 nostris,

175 3227 323 3312 quoniam
356 3227 458 3311 Scipio
489 3228 528 3293 de
563 3226 692 3312 posteris
725 3229 849 3294 omniuo
879 3228 933 3292 ant
963 3227 1073 3294 saltem
1098 3228 1135 3295 de
1157 3229 1242 3294 suis

175 3335 312 3418 cogitare
335 3334 477 3414 debebat,
501 3334 611 3400 deinde
643 3335 876 3412 videantur,
905 3354 958 3416 pro
985 3353 1043 3418 quo
1070 3335 1243 3401 necessario

176 3541 410 3550 ——.-..

230 3673 256 3740 *1
278 3675 372 3743 5206,
391 3675 438 3730 ubi
457 3675 486 3730 in
503 3673 680 3744 proponenda
699 3691 733 3729 ex
754 3671 904 3728 defensoris
922 3687 1041 3744 persone
1065 3673 1242 3728 excusatione

275 3767 369 3838 inepta
387 3775 429 3824 est
447 3767 583 3836 particula
610 3766 762 3835 quidem,
791 3765 964 3821 scribendum
989 3773 1031 3821 est
1050 3765 1209 3836 simpliciter
1226 3783 1241 3821 e

275 3861 369 3916 codice
390 3863 465 3918 Vnt:
485 3861 663 3916 Fecerunt
681 3859 749 3914 alii.
781 3858 891 3925 Quid?
908 3859 985 3913 Alie
1003 3875 1097 3929 qnam
1115 3859 1241 3916 multa?

276 3954 339 4009 Cur
357 3961 408 4011 cet.
444 3952 624 4010 Excusationi
646 3951 838 4021 interrogando
858 3952 1002 4007 subiicitur
1024 3949 1163 4021 refutatio,
1186 3953 1240 4008 alia

275 4047 357 4116 etiam
375 4047 462 4104 multa
490 4047 560 4102 elios
586 4044 696 4114 fecisse,
722 4051 761 4113 ut,
790 4046 813 4101 si
841 4045 890 4100 illa
918 4045 1059 4100 excusatio
1087 4047 1242 4116 recipietur,

275 4140 360 4195 multo
380 4141 466 4196 latius
483 4146 587 4210 pateat.
