2976 4668
298 265 362 354 m
658 287 925 356 mamm

355 487 434 554 ibid.
450 491 508 554 41:
533 491 810 554 Atramentum
833 503 989 569 qnoque
1011 484 1121 548 inter
1145 481 1335 547 facticios

255 597 398 674 (colores)
431 595 527 671 erit,
561 612 797 677 quamquam
833 595 896 656 est
932 595 970 656 et
1007 595 1126 655 terra
1159 589 1334 674 geminae

255 703 439 787 originis.
462 706 540 768 Aul
563 702 666 766 enim
688 703 746 768 cet.
781 700 951 766 Genetlrus
971 699 1089 762 terrae
1111 697 1182 762 lerri
1206 693 1333 778 nequit;

255 808 467 877 scribendum:
497 828 733 892 quamquam
764 809 826 872 est
854 808 893 871 ot
914 806 1016 887 <e>
1039 808 1140 878 terra,
1162 803 1334 886 geminae

255 917 446 1001 originis,
480 918 548 982 aut
581 917 683 980 enim
718 919 776 980 oet.
832 915 955 978 Terra
991 929 1045 992 pro
1082 913 1198 974 terrae
1233 910 1329 974 etiam

255 1024 374 1089 codices
396 1021 533 1106 quidam.

357 1129 437 1195 Ibid.
462 1131 518 1194 97:
544 1129 666 1194 Unum
689 1129 860 1206 (inventum
884 1126 1017 1208 Apellis)
1034 1122 1190 1188 imitari
1215 1138 1330 1186 nemo

257 1239 407 1320 potuit,
439 1235 540 1320 quod
571 1236 759 1300 absoluta
788 1251 908 1314 opera
930 1231 1157 1298 atramento
1180 1225 1327 1291 illinc-

255 1345 323 1409 bat
344 1345 403 1408 ita
425 1343 554 1419 leuui,
579 1344 619 1406 ut
641 1342 677 1406 id
701 1342 827 1424 ipsum
852 1333 1328 1422 repercussuclaritatis

255 1449 430 1516 colorem
464 1449 587 1514 alium
623 1448 824 1513 excitaret
846 1444 1157 1526 custodiretque
1189 1462 1206 1505 a
1235 1442 1328 1523 pul-

256 1576 347 1623 vere
370 1559 408 1622 el
430 1554 620 1622 sordibus
642 1563 700 1621 eet.
747 1558 779 1618 ln
802 1556 973 1618 atramento
996 1551 1082 1614 nulla
1104 1552 1170 1614 aral
1191 1550 1330 1624 claritas,

256 1683 311 1730 nac
345 1683 381 1729 eo
415 1664 498 1728 color
531 1663 612 1727 elius
646 1662 844 1736 alliciebatur,
878 1658 932 1723 sed
962 1658 1077 1723 colores
1110 1651 1172 1733 alil,
1196 1657 1248 1740 qui
1272 1657 1330 1721 sub

255 1772 427 1833 atramento
451 1772 546 1846 erant,
571 1749 749 1852 repercussu
765 1767 878 1832 clarius
893 1765 1193 1848 exsplendeseebant.
1227 1763 1329 1845 Sorip-

257 1878 325 1938 tum
346 1877 461 1939 luerat:
483 1881 524 1940 ul
553 1877 591 1940 id
623 1877 753 1958 ipsum
784 1891 1029 1955 repercussu·
1051 1870 1219 1938 claritates
1242 1872 1329 1937 eolo·

256 1999 329 2046 rum
360 1980 497 2048 aliorum
534 1984 736 2046 excitaret
769 1983 828 2046 oet.
886 1979 1112 2044 Claritates
1149 1979 1326 2043 colorum

256 2088 350 2152 etiam
373 2088 404 2151 in
428 2087 584 2152 codicibus
608 2107 665 2152 non
689 2089 792 2171 paucis
815 2087 966 2152 scribitur.

356 2193 433 2258 ibid.
457 2197 516 2256 131
538 2213 601 2277 sq:
636 2195 753 2259 Fecit
786 2196 823 2260 et
854 2193 1021 2278 grandis
1054 2193 1255 2275 picturas,
1289 2192 1327 2256 in

257 2300 404 2384 quibus
427 2305 519 2366 sunt
541 2300 712 2385 Calypso
735 2303 773 2364 et
797 2301 835 2366 lo
859 2303 897 2364 ot
919 2299 1190 2376 Andromeda,
1213 2300 1328 2364 Alex·

255 2407 378 2473 ander
401 2426 555 2491 quoque
578 2409 615 2472 in
639 2407 817 2490 Pompeii
839 2408 1068 2490 porticibus
1087 2406 1329 2488 praecellens

210 2498 213 2502 ’
254 2520 294 2579 et
332 2515 506 2600 Calypso¹
541 2515 695 2580 sedens.
761 2514 862 2579 Huic
900 2514 1028 2579 eidem
1066 2512 1329 2578 ascribuntur

253 2622 555 2705 quadrupedes,
579 2624 850 2706 prosperrime
874 2641 990 2687 canes
1013 2621 1226 2703 expressit.
1255 2617 1329 2684 Pic-

253 2730 314 2792 tori
347 2727 438 2792 alicui
473 2730 665 2794 ascribuntur
687 2750 747 2795 non
770 2729 889 2794 infinite
912 2729 1132 2811 quadrupedes,
1159 2729 1212 2792 sed
1233 2729 1329 2792 carten

253 2838 287 2897 et
307 2839 388 2897 nolae
410 2833 571 2918 imagines.
617 2837 675 2900 Pro
697 2834 997 2919 quadrupedes,
1029 2854 1121 2917 quarn
1143 2852 1249 2900 uocem
1272 2853 1329 2917 ap-

256 2942 344 3020 paret
365 2958 434 3004 cum
458 2941 519 3006 illis
542 2944 816 3025 prosperrime
848 2961 965 3008 canes
996 2942 1198 3023 expressit
1226 2942 1329 3006 cohae-

258 3061 335 3117 rere,
359 3045 451 3111 codex
467 3049 602 3128 optimus
618 3049 837 3114 Riccardianns
860 3055 891 3114 et
914 3050 993 3114 alius
1016 3048 1131 3114 habent
1152 3049 1331 3131 quadru-

256 3150 406 3234 pedem.
451 3152 592 3217 lllfioitur
606 3157 717 3238 igitur:
741 3158 856 3222 Fecit
879 3158 917 3220 et
938 3154 1104 3240 grandis
1128 3155 1329 3237 picturas,

257 3261 295 3323 in
319 3258 463 3341 quibua
486 3266 580 3325 sunt
684 3263 945 3328 Andromeda.
978 3261 1207 3327 Alexander
1230 3281 1329 3346 quo·

254 3384 329 3448 que
366 3365 403 3430 iu
438 3365 620 3450 Pompeii
653 3369 882 3450 porticibus
915 3366 1155 3452 praeoellens
1186 3372 1224 3433 et
1255 3369 1330 3433 Ca·

258 3473 371 3556 lypso
401 3473 545 3540 sedens
576 3476 668 3540 huic
698 3474 825 3540 eidem
855 3475 1125 3541 ascribuntur.
1180 3475 1330 3550 Quadru-

256 3579 374 3665 pedum
408 3585 678 3663 prosperrime
711 3601 828 3648 canes
862 3583 1077 3665 expressit.
1122 3583 1167 3646 Ex
1188 3580 1330 3665 pluribus

257 3687 420 3769 generibus
450 3688 690 3771 quadrupedum,
716 3708 792 3772 quas
823 3689 975 3774 pingendo
1004 3689 1179 3755 reddiderat
1208 3687 1328 3768 artifex,

257 3795 458 3876 prosperrime
481 3795 509 3858 ei
532 3813 580 3859 res
603 3797 632 3859 in
656 3796 782 3859 canibus
807 3778 1002 3862 successerat.
1044 3797 1090 3860 De
1112 3796 1249 3879 genetivi
1270 3815 1329 3861 usu

256 3902 308 3978 cl,
332 3902 356 3964 si
382 3919 457 3982 opus
480 3903 537 3977 est,
558 3901 611 3977 Xl,
643 3903 709 3964 130.

360 4018 436 4082 lbid.
463 4019 521 4079 lai
553 4020 620 4097 (ubi
653 4021 794 4098 relatur,
823 4040 891 4103 quac
927 4022 968 4086 Μ.
999 4022 1094 4087 Varro
1129 4021 1166 4086 de
1200 4021 1331 4104 plastica

260 4123 451 4200 tradideril):
493 4125 706 4192 Praeterea
754 4129 1003 4194 elaboratam
1052 4128 1152 4194 hanc
1201 4130 1328 4193 artcnr
