3008 4654
284 275 346 338 922
518 275 578 330 Lib.
597 275 632 330 Il.
652 276 716 344 Cap.
735 273 782 329 IV.
819 272 922 329 Plinius
940 271 1035 328 minor.

244 475 352 558 quibus
374 473 525 539 Traianus
554 472 594 538 ad
621 473 759 538 animum
787 471 1008 538 remittendum
1038 471 1071 535 ot
1097 468 1314 536 oblectandum

243 580 350 658 utitur,
384 578 601 646 coniecturam¹
621 580 696 645 lacit
724 578 843 644 Plinius
872 579 910 643 de
939 576 1029 644 seriis
1051 575 1316 659 occupationibus.

244 686 445 752 Scribeudum
466 685 578 770 igitur:
601 683 728 751 Simul
757 685 910 771 cogito,
933 703 1017 749 cum
1040 684 1125 750 siut
1145 683 1228 748 ista
1249 681 1317 747 lu·

244 793 315 860 dus
348 798 387 859 ct
419 797 740 869 avocamentum,
773 790 990 875 eniua<modi
1014 790 1122 874 sint>
1143 788 1202 856 illa
1226 786 1318 856 serio

244 900 435 968 etintenta
457 904 495 964 ct
517 897 703 984 aquibus
735 919 775 965 so
807 900 846 963 iu
879 898 965 964 talo
997 896 1122 963 otium
1153 895 1317 977 recipit.

244 1007 488 1090 Voluptates
512 1008 607 1072 suut
627 1006 749 1082 onim,
772 1005 918 1091 quibus
941 1005 1092 1087 optimc
1115 1003 1160 1069 do
1182 1001 1318 1068 auius·

245 1108 1317 1200 quegravitate,sanctitate,temperantiaorcditur.

244 1221 293 1288 Ab
329 1219 482 1286 sententia
518 1222 551 1286 et
586 1219 728 1284 universa
763 1217 910 1285 orationis
948 1218 1043 1284 iorma
1080 1237 1140 1284 nou
1180 1213 1313 1282 multum

246 1327 380 1393 discedit
403 1327 500 1410 lipsii
522 1311 704 1392 coniectura.

345 1433 425 1499 lbid.
448 1434 505 1498 aa:
535 1433 654 1514 Quid,
681 1432 784 1515 quod
806 1433 970 1498 eundem
995 1433 1032 1497 iu
1055 1451 1195 1497 anuum
1220 1448 1319 1498 oon·

246 1541 422 1606 sulatum
445 1541 624 1606 nostrum
647 1538 892 1606 contulisti?
936 1537 1018 1618 Quid
1048 1536 1206 1605 sententia
1232 1537 1314 1604 desi-

246 1647 377 1725 deraret,
398 1647 461 1712 iam
485 1646 652 1712 Psnviuius
674 1645 827 1712 intellexit
848 1647 881 1710 ot
902 1647 972 1729 post
1002 1664 1073 1710 oum
1104 1645 1176 1720 alii3
1198 1662 1316 1710 correo·

244 1753 339 1819 tionis
374 1752 556 1820 facillimam
592 1773 628 1820 ac
662 1747 853 1818 lenissimam
891 1751 1022 1817 formam
1058 1770 1118 1818 uon
1153 1751 1317 1816 viderunt:

245 1859 364 1940 Quid,
384 1860 486 1944 qnod
508 1860 673 1926 eundem
695 1862 733 1925 in
755 1859 1167 1926 annumconsulatum
1183 1860 1318 1942 <tuum

246 1968 320 2050 ct>
345 1973 525 2033 nostrum
546 1967 792 2032 contulisti?
835 1964 957 2032 Excidit
985 1949 1094 2031 tuum
1123 1967 1195 2048 post
1215 1967 1318 2044 tum,

246 2092 305 2156 quo
328 2073 409 2138 facto
432 2073 526 2139 etiam
549 2075 589 2139 at
610 2074 757 2140 omissum
781 2077 837 2140 est.

348 2178 424 2247 lbid.
448 2181 503 2246 95:
538 2199 605 2246 vos
641 2181 679 2245 iu
714 2180 811 2246 istis
844 2179 1166 2257 officiisetiam,
1195 2197 1320 2264 quaeo

247 2284 401 2352 studiis
424 2287 580 2352 nostris
604 2287 712 2353 circa
734 2287 907 2354 tuendos
929 2288 1063 2354 socios
1085 2287 1317 2352 iniunxera-

246 2393 319 2469 tis,
339 2394 478 2459 ¹ouuoti
505 2395 747 2460 constantie
768 2394 1100 2478 antiquissimum
1123 2395 1316 2460 testimo·

246 2501 352 2565 nium
374 2499 661 2583 perhibuistis.
708 2502 838 2568 Prorsus
868 2520 960 2584 prave
991 2499 1140 2566 dicituro
1162 2499 1319 2566 studiis

246 2605 423 2672 alicuius
455 2605 672 2692 iniungere
705 2608 865 2687 officia,
898 2613 934 2675 ut
967 2607 1181 2692 intelliguntur
1214 2603 1317 2670 officia

247 2713 357 2779 studiis
378 2712 445 2779 eius
467 2715 697 2791 convenientia;
726 2714 919 2781 desideratur
948 2714 1088 2791 dativum
1119 2712 1317 2779 scribendum

246 2819 356 2904 igiturc
379 2821 416 2885 in
439 2820 536 2886 istis
559 2820 717 2887 officiis
734 2823 866 2901 etiam,
882 2839 963 2905 quae
985 2819 1138 2886 studiis
1159 2817 1319 2885 nostris

156 2933 158 2936 ’
246 2971 254 2988 .
279 2971 286 2988 .
310 2926 628 3003 .iniuuxeratis;
651 2927 744 2993 Plinii
766 2928 953 3011 eloquentiae
972 2927 1084 2993 studiis
1098 2925 1319 3010 iniungebatur

249 3031 384 3097 osticium
406 3051 513 3100 causas
536 3033 656 3118 agendi.

711 3356 797 3438 Cap.
819 3354 857 3420 V.
903 3333 905 3338 ¹

536 3499 658 3555 Tacitus.
695 3498 849 3555 Suetonius.
885 3497 1030 3553 Iuvenalis.

715 3652 853 3721 Tacitus.

348 3792 448 3858 Taciti
479 3792 605 3860 annales
635 3795 771 3877 (recepto
800 3794 880 3859 enim
911 3795 943 3858 et
964 3792 1103 3859 breviore
1125 3790 1248 3856 nomine
1270 3789 1315 3854 ut'

248 3900 339 3978 libet)
362 3903 394 3966 ct
414 3899 559 3967 historias
582 3901 675 3984 atque
691 3900 868 3986 Agricolam
892 3918 989 3981 nuper
1011 3899 1177 3964 admodum
1197 3898 1320 3979 postre-

247 4026 332 4072 mum
355 4007 542 4074 retractandi
564 4007 675 4090 cupido
703 4007 780 4072 milri
809 4005 930 4083 incidit,
960 4007 996 4093 ut
1022 4023 1153 4084 omnem,
1176 4021 1244 4086 quae
1265 4000 1319 4066 hia

248 4113 335 4179 libris
357 4116 574 4192 contineretur,
597 4115 643 4179 rei
665 4113 796 4195 publicae
820 4113 965 4178 Romana
987 4113 1103 4192 formae,
1128 4109 1226 4194 qualis
1248 4106 1320 4172 Coe·
