3008 4650
285 312 327 376 92
654 312 715 366 mu
741 312 776 366 m
803 312 869 382 cap.
888 312 909 367 1.

243 510 357 576 festum
388 512 445 588 est,
476 528 534 575 nee
562 509 664 574 minus
692 509 840 592 ineptum,
867 508 949 592 quod
978 507 1068 577 rideo
1099 509 1312 579 substitutum,

243 614 481 693 euiereude3
514 633 614 698 neque
646 616 727 680 enim
760 615 940 681 auferuntur
974 616 1064 681 etin
1094 615 1189 681 aliurn
1211 615 1311 681 lorum

243 722 448 806 asportantur,
477 738 546 804 quae
575 721 768 788 adversarius
801 721 885 789 dixit
944 721 1074 787 Videtur
1108 723 1233 788 subesse
1264 720 1311 786 in-

243 827 411 903 vertente,
433 827 495 892 nisi
517 827 586 910 quis
609 845 644 893 ex
668 845 713 902 ee,
736 829 818 913 qnod
839 827 871 894 in
894 827 1014 894 duobus
1037 828 1195 895 eodieibns
1217 829 1312 893 Bem-

242 934 441 1019 bergensibus
479 933 614 999 Orellius
650 935 742 1000 seribi
777 934 911 1011 iudicet,
943 934 1169 1012 efferenda,
1193 935 1312 1000 efficere

244 1041 362 1106 mavult
383 1039 564 1108 evertenda
586 1043 610 1120 [,
630 1040 667 1103 ut
686 1039 749 1105 iem
771 1041 944 1126 Heusinger
965 1041 1140 1124 suspicatus
1162 1043 1234 1121 est].

343 1169 422 1236 lbid.
446 1168 523 1232 289:
556 1167 700 1252 Itaque
735 1170 974 1237 imbuendus
1003 1175 1063 1236 est
1089 1171 1140 1249 is,
1164 1170 1231 1254 qui
1252 1169 1312 1234 io-

244 1294 334 1342 cose
355 1275 466 1342 uolet
489 1275 640 1348 dicere,
662 1279 777 1360 quasi
799 1281 943 1344 natura
964 1277 1131 1362 quedam
1154 1279 1246 1360 apta
1267 1273 1311 1340 ad

243 1383 323 1449 haee
355 1399 501 1466 genera
533 1386 571 1448 et
604 1383 880 1468 moribus„nt
919 1384 965 1450 ad
1003 1380 1311 1466 euiusquemodi

243 1508 368 1573 genus
409 1488 581 1554 ridiculi
623 1492 763 1556 vultus
811 1491 933 1556 etiem
978 1488 1310 1557 accommodetur.

243 1595 346 1660 Mores
367 1595 463 1678 ipsius
486 1595 617 1661 oratoris
639 1597 679 1661 ad
701 1596 743 1676 id,
776 1595 816 1662 de
846 1617 907 1682 quo
929 1598 985 1663 hoe
1007 1597 1075 1662 loeo
1098 1595 1210 1680 agitur,
1233 1592 1312 1659 nihil

243 1700 367 1767 omnine
400 1702 567 1782 pertinent,
599 1722 657 1768 nee
689 1703 825 1769 moribus
857 1703 960 1770 neseio
992 1701 1104 1785 quibus
1126 1699 1311 1768 imbuendus

243 1809 345 1872 erutor
365 1807 486 1874 iocandi
507 1828 600 1874 eausa
621 1813 703 1887 eran
731 1811 835 1876 vultus
862 1810 945 1875 varie
966 1809 1109 1875 flectendi
1132 1793 1310 1874 erereitntie

243 1913 391 1995 capienda
420 1916 495 1993 eret,
528 1917 565 1980 ut
593 1915 740 1998 proximis
762 1918 865 1983 verbis
886 1917 953 2000 ipse
977 1917 1053 1982 dieit
1075 1915 1185 1982 Caesar.
1238 1915 1311 1998 Ipse

243 2020 371 2103 pluralis
403 2039 548 2087 numerus
582 2021 628 2086 sie
654 2022 739 2110 nude
768 2025 887 2108 pesitus
909 2024 979 2106 post
1001 2022 1079 2089 illud
1103 2022 1220 2108 'quasi
1241 2039 1312 2087 ne·

243 2131 333 2192 ture
355 2127 523 2210 quadam
544 2127 616 2192 ferri
639 2131 753 2213 nequit.
804 2130 887 2197 Satis
911 2134 1030 2196 eertum
1053 2133 1100 2195 est
1122 2129 1205 2196 oris
1226 2147 1313 2193 men-

243 2232 362 2297 tionem
393 2232 444 2297 hie
476 2234 609 2309 subesse,
632 2231 889 2320 seribendumque
915 2236 1038 2303 videtur
1065 2238 1104 2303 et
1124 2237 1213 2303 metu
1234 2234 1309 2302 eris.

224 2339 323 2420 ¹Nam
345 2351 383 2404 n'e
405 2340 583 2407 motibus
605 2343 687 2408 oris
709 2345 888 2418 scribamus,
917 2345 982 2426 ipse
1010 2342 1139 2426 pluralis
1164 2359 1311 2407 numerus

242 2445 385 2511 deterret.

343 2586 511 2654 Itinere:
534 2590 728 2657 feeiliera
751 2592 874 2657 etiem
898 2592 936 2656 in
957 2589 1193 2673 principiis,
1212 2590 1311 2673 quod

243 2694 282 2758 et
302 2694 457 2760 attenti
479 2698 561 2760 tum
583 2699 750 2763 maxime
773 2699 883 2774 sunt,
906 2696 1311 2780 eumnmninerspee·

241 2804 349 2879 tent,
392 2802 432 2866 et
474 2802 628 2868 dociles
669 2805 796 2888 magis
831 2803 972 2869 initiis
1009 2821 1097 2869 esse
1132 2807 1310 2886 pessunt.

242 2907 337 2972 Recte
361 2907 537 2973 Ellendtius
559 2910 664 2982 sensit,
688 2910 828 2975 initiis
848 2909 958 2976 vitiose
981 2909 1052 2976 addi
1074 2917 1146 2992 post
1165 2910 1310 2992 principi·

242 3031 329 3077 orum
361 3031 555 3079 communem
587 3015 710 3099 utrique
740 3018 880 3083 membre
912 3036 1018 3083 roeem
1049 3016 1138 3082 initio
1159 3017 1310 3100 positnm;

243 3117 296 3184 sed
331 3120 412 3201 qued
445 3118 626 3201 simpliciter
657 3122 840 3188 vocabulum
873 3123 943 3189 tolli
970 3124 1075 3200 uoluit,
1100 3124 1310 3207 nequeunte

242 3227 343 3290 ertum
376 3224 426 3303 sit,
459 3225 654 3310 intelligitur,
676 3231 708 3294 et
741 3231 867 3314 apparet
895 3232 926 3294 in
950 3231 1009 3296 hoe
1030 3249 1151 3314 quoque
1173 3231 1309 3295 membro

242 3331 332 3395 utin
355 3332 508 3414 superiore
530 3338 625 3412 (tum
647 3336 832 3417 maxime,
866 3356 950 3402 eum
984 3338 1114 3403 omnia
1145 3355 1309 3419 exspec-

242 3442 344 3516 tent)
377 3456 510 3518 eausam,
541 3443 647 3508 curin
670 3443 819 3528 principio
842 3442 957 3509 dociles
979 3445 1043 3508 sint
1064 3443 1192 3520 iudices,
1214 3443 1310 3527 signi-
1427 3467 1428 3470 ¹

244 3543 328 3609 ficari
354 3543 503 3611 debuisse.
548 3547 718 3630 Scripseret
740 3549 858 3615 Cicero:
882 3551 921 3614 et
943 3549 1101 3616 dociles
1126 3552 1252 3634 magis
1274 3553 1308 3618 in

244 3650 334 3717 nevis
356 3651 409 3728 (in
432 3651 624 3734 ignotisi)
648 3674 736 3721 esse
758 3658 938 3748 pessunt.

344 3819 402 3895 ΙΙΙ,
425 3819 480 3883 79:
508 3821 598 3887 Haee
619 3841 729 3900 vero,
752 3842 834 3907 quee
857 3823 1008 3888 suntin
1032 3822 1310 3906 philosophia,

197 3916 199 3920 ’
242 3924 422 4010 ingeniis
452 3929 645 3992 eruuntur
674 3929 720 3994 ad
748 3929 805 4009 id,
839 3929 942 4012 quod
970 3928 1009 3994 in
1041 3948 1196 4014 qnoque
1224 3929 1310 3994 veri

244 4031 378 4097 simile
412 4035 489 4110 est,
524 4032 771 4100 eliciendum
804 4035 937 4101 nentis
974 4037 1094 4118 etque
1130 4036 1309 4112 aeribus,

243 4154 366 4218 enque
400 4137 627 4204 exercitate
659 4142 843 4207 oratione
875 4141 1096 4225 peliuntur.
1156 4141 1310 4208 llxereitn·

1500 4237 1502 4310 l
