3008 4650
315 271 376 332 114
683 269 742 325 Lib.
761 269 797 324 H.
817 267 882 339 Cap.
901 268 936 323 11.

273 472 359 536 tate
396 469 559 553 legatus
594 467 735 551 populi
770 465 936 533 Romani
979 485 1054 533 non
1089 428 1199 531 modo
1235 464 1339 551 igni,

273 577 395 654 ferro,
416 591 547 653 manu,
571 573 703 657 copiis
725 574 985 657 oppugnatus
1008 572 1066 639 eet.
1091 571 1246 657 [Priorem
1264 591 1340 640 con-

273 683 420 749 iecturam
435 681 637 764 occupaverat
650 680 882 757 Hotomannns3
907 677 1043 745 Orellius
1060 677 1221 761 ascripsitz
1242 677 1339 758 „nihil

272 785 401 874 opus“l]

372 954 452 1021 Ibid.
477 953 554 1015 134:
584 953 808 1030 Habonius,
841 953 909 1036 qui
935 952 1067 1038 legem
1089 953 1242 1027 nosset,
1265 971 1339 1035 qua

272 1063 310 1128 iu
343 1062 432 1145 lege
465 1077 652 1124 numerus
681 1060 836 1125 tantum
860 1057 1337 1133 columnarumtraditur,

272 1166 555 1250 perpendiculi
588 1165 738 1230 mentio
769 1167 822 1230 fit
853 1166 986 1245 nulla,
1016 1167 1055 1231 et
1085 1166 1151 1249 qui
1172 1185 1244 1232 non
1267 1187 1338 1250 pu-

272 1277 381 1340 taret
403 1273 484 1339 sibi
505 1272 694 1355 expedire
715 1273 775 1337 ita
797 1273 998 1358 accipere,
1014 1293 1059 1339 ne
1075 1271 1337 1340 eodemmodo

272 1379 514 1446 tradendum
546 1380 671 1457 esset,
706 1379 829 1462 negat
860 1379 900 1444 id
932 1378 1012 1445 sibi
1041 1378 1195 1459 deberi,
1217 1386 1339 1464 negat

273 1488 461 1571 oportere
483 1485 600 1570 exigi.
644 1485 777 1550 Etiamsi
806 1485 949 1551 tradendi
977 1487 1103 1553 verbum
1132 1485 1164 1552 in
1191 1487 1257 1553 toto
1279 1486 1338 1553 hoc

271 1596 340 1660 loeo
363 1595 395 1658 et
416 1595 447 1658 in
469 1593 528 1658 hac
549 1612 581 1657 re
603 1611 663 1658 non
685 1609 740 1675 per
760 1611 794 1657 se
816 1590 855 1656 ad
878 1593 977 1674 operis
997 1592 1129 1676 apriore
1143 1593 1336 1678 redemptore

271 1701 310 1766 ad
345 1718 459 1766 novum
490 1697 705 1765 transitionem
737 1697 907 1764 necessario
944 1696 1122 1784 pertineret,
1157 1689 1263 1766 tamen
1298 1699 1336 1764 de

227 1817 228 1820 ’
271 1827 400 1874 numero
433 1806 644 1873 columnarum
675 1805 708 1870 in
739 1804 810 1890 lege
840 1808 924 1887 operi
957 1807 1098 1873 faciundo
1119 1807 1254 1874 indicate
1275 1825 1335 1874 non

271 1916 436 1998 poneretur
458 1912 545 1996 quasi
568 1913 606 1978 de
628 1911 778 1976 memoria
798 1912 842 1976 rei
866 1913 905 1977 ed
926 1915 1142 1995 posteritatem
1170 1914 1335 1998 prodenda,

271 2040 371 2105 neque
392 2021 426 2085 in
448 2021 517 2104 lege
539 2038 685 2084 numerus
707 2018 917 2085 columnarum
939 2020 1140 2102 indicabatur,
1164 2025 1334 2100 sedulae

272 2146 434 2193 numerum
466 2127 668 2204 traderentur,
697 2125 960 2209 praesentabatur.
1017 2127 1109 2212 Apud
1139 2128 1334 2196 Priscianum

272 2253 328 2317 pro
355 2232 538 2299 traditur
566 2228 709 2296 scribitur
734 2231 979 2298 traderetur.
1023 2233 1136 2319 Opinon
1158 2235 1334 2304 Ciceronem

268 2341 447 2426 scripsisse:
482 2357 556 2422 qua
587 2339 624 2404 in
657 2337 751 2421 lege¹
778 2357 964 2406 numerus
993 2342 1152 2407 tantum
1181 2344 1334 2410 colum·

268 2467 403 2514 narum
448 2445 540 2515 tradi
573 2445 715 2520 iubetur,
759 2447 1045 2531 perpendiculi
1088 2451 1239 2517 mantio
1282 2450 1334 2518 fit

268 2555 390 2621 nulla.

322 2787 323 2792 ,
367 2720 447 2787 ibid.
476 2721 518 2798 Il,
552 2719 592 2782 22
625 2719 803 2802 (postquam
832 2716 938 2785 Cicero
970 2719 1050 2784 dixit
1071 2721 1109 2786 de
1127 2719 1232 2788 Naevio
1254 2722 1333 2788 Tur·

266 2828 395 2912 pionea
426 2827 522 2892 Verre
554 2825 593 2892 ad
626 2824 830 2890 hereditatem
863 2842 882 2890 a
914 2825 1012 2891 Dione
1040 2827 1206 2909 petendam
1237 2848 1332 2912 appo·

266 2935 357 3010 sito):
384 2933 541 2998 Etenim
570 2934 656 2997 erat
683 2931 882 2997 eiusmodi
904 2951 1039 3019 cansa,
1061 2937 1104 2999 nt
1125 2935 1212 3017 ipse
1233 2953 1331 3017 prae·

266 3043 345 3117 tor,
368 3056 450 3104 eum
475 3037 674 3122 quaereret
694 3037 1048 3124 calumniatorem,
1064 3043 1331 3124 paulotamen

266 3143 630 3211 consideratiorem
651 3144 832 3227 reperire
854 3157 928 3211 non
951 3148 1099 3227 posset.
1132 3148 1242 3214 Hunc
1263 3148 1332 3214 bo·

267 3253 409 3317 minem
431 3251 577 3317 Veneri
598 3250 794 3328 absolvit,
823 3251 901 3317 sibi
929 3253 1167 3320 condemnat
1189 3257 1247 3321 eet.
1295 3255 1331 3319 In

264 3360 322 3426 hae
336 3357 482 3424 orationis
497 3358 596 3423 ferma
610 3358 703 3423 nullis
719 3357 871 3423 machinis
886 3357 965 3424 effici
980 3361 1091 3442 potest,
1108 3361 1216 3427 utnon
1231 3363 1331 3427 hunc

264 3465 463 3531 hominem
492 3464 596 3540 Cicero
622 3464 766 3530 Naevium
795 3465 982 3549 Turpionem
1016 3466 1182 3551 significet.
1236 3469 1330 3553 Aqui

262 3572 388 3639 Navius
411 3572 570 3638 aecusator
591 3589 689 3654 neque
709 3572 851 3638 damnari
872 3591 971 3656 neque
993 3573 1112 3639 absolvi
1141 3574 1254 3656 potuit,
1276 3573 1330 3640 sed

263 3680 332 3746 Dio.
385 3679 423 3744 ld
454 3697 524 3745 cum
552 3678 764 3744 Hotomannus
793 3678 1012 3756 intellexisset,
1039 3698 1094 3761 pro
1115 3679 1218 3746 hunc
1239 3682 1330 3747 scribi

262 3787 361 3852 voluit
381 3784 455 3853 hie.
499 3783 561 3850 Sed
589 3804 687 3870 neque
716 3784 782 3849 hic
802 3785 910 3868 epium
932 3787 991 3862 est,
1012 3804 1111 3870 neque
1132 3786 1330 3854 hominem

264 3893 347 3957 reete
370 3894 408 3957 de
429 3891 528 3958 Dione
551 3890 673 3982 dicitnr.
727 3891 799 3956 Sine
828 3892 921 3957 dubio
950 3893 1042 3957 verba
1071 3893 1210 3976 quaedam
1234 3895 1330 3961 inter·

263 3999 412 4078 ciderunt,
443 4017 513 4065 cum
541 3997 645 4064 Cicero
674 3999 706 4064 in
731 3999 810 4064 hane
838 4000 893 4064 aut
921 3999 1054 4064 similem
1082 4000 1213 4066 formam
1234 4002 1329 4085 serip-

263 4104 371 4170 sisset:
402 4105 514 4170 Hune
540 4103 739 4170 homiuem
761 4107 885 4187 <cum
921 4106 1200 4190 apposuisset,
1234 4096 1332 4172 Dio-'
