2974 4660
291 298 334 360 50
534 296 596 352 Lib.
614 296 637 352 1.
656 295 721 365 Cap.
739 296 790 351 111.
827 297 1038 351 Demosthenes·

247 493 346 561 iuberi
369 488 523 581 α’ναιρεῑν
544 489 585 560 aui
609 495 722 582 γὲῥρα,
756 496 792 557 ut
822 493 862 559 iis
894 495 1024 559 remotis
1053 513 1183 560 vaounm
1216 495 1320 560 lorum

247 601 439 684 liberumque
471 601 607 686 spatium
639 602 752 684 populo
788 601 904 682 pateat,
938 601 1020 682 quod
1053 602 1086 667 et
1112 619 1159 678 ea,
1186 621 1254 684 quae
1277 604 1317 668 de

248 707 375 774 oonsilio
409 710 453 775 rei
485 709 701 787 subiiciuntur,
734 708 909 790 significant
937 709 970 772 et
1002 727 1038 772 er
1072 711 1148 775 orat.
1183 707 1232 783 18,
1261 709 1318 774 169

247 815 445 898 perspicitur3
474 834 664 898 quamquam
691 815 734 880 ibi
755 815 911 898 prytanes,
934 814 1090 879 otiorum
1113 816 1220 896 pateat
1241 835 1322 882 oon·

246 921 325 988 tioni
353 940 420 988 eras
447 921 605 994 habende,
633 915 676 987 soe*
698 923 798 1007 γέῤῥα
829 938 890 984 non
918 921 1015 986 solnm
1040 920 1164 993 tollunt.
1192 921 1247 986 sed
1269 923 1317 986 in-

247 1028 392 1094 cendunt.
449 1028 564 1094 Eodem
588 1029 718 1110 spectat,
741 1027 823 1111 qnod
845 1026 885 1092 ad
907 1027 1086 1111 suffragium
1108 1028 1240 1109 populus
1261 1029 1320 1093 ad·

248 1136 332 1201 mitti
363 1135 496 1210 iubetur,
529 1137 696 1216 antequam
728 1134 879 1219 peregrini
913 1133 966 1200 die
999 1134 1180 1216 procedente
1216 1134 1317 1199 forum

247 1242 407 1323 impleant.

700 1525 787 1607 Gap.
811 1525 868 1589 lV.

702 1678 861 1735 Athenaeus.

345 1831 816 1917 Athenaei'Aarowoooprosoio
846 1831 940 1896 libros
973 1851 1043 1896 cum
1077 1835 1177 1910 antea,
1210 1837 1245 1896 ut
1277 1831 1318 1897 fit

243 1938 277 2004 in
300 1938 357 2003 tali
378 1957 477 2020 opere,
499 1939 629 2020 sparsim
652 1941 775 2002 tantum
798 1937 984 2020 attigissem,
1008 1937 1100 2002 editis
1122 1935 1315 2002 adversariis

247 2044 369 2111 Gritiois
391 2043 473 2111 totos
498 2045 699 2128 perlegendos
725 2042 852 2127 sumpsi,
875 2043 910 2106 ut
932 2045 963 2107 et
984 2046 1160 2109 universam
1183 2044 1313 2108 formam

246 2149 543 2232 descriptionemque
565 2151 737 2216 aeonratins
759 2166 976 2233 cognoscerem
998 2153 1039 2227 et,
1055 2149 1171 2233 siquid
1189 2150 1311 2229 lateret,

245 2274 304 2342 quo
335 2255 368 2320 in
400 2255 473 2320 aliis
506 2256 618 2323 studiis
652 2255 699 2322 nti
730 2273 864 2338 possem,
897 2257 1072 2338 reperirem.
1125 2254 1199 2334 Quae
1220 2256 1253 2319 in
1275 2275 1318 2322 ea

243 2360 375 2429 lectione
404 2363 542 2428 subnatae
570 2367 641 2428 sunt
668 2362 910 2446 fragmentorum
938 2362 1129 2445 quorundam
1151 2363 1312 2445 poetarum

244 2467 421 2536 Graeoorum
443 2469 684 2547 emendationes,
716 2489 777 2548 aas,
800 2470 952 2552 quatenus
973 2474 1028 2534 aut
1050 2471 1142 2534 sartae
1165 2469 1219 2534 aut
1239 2487 1312 2550 pro·

243 2574 362 2641 habiles
384 2574 578 2649 videbantur,
607 2580 718 2660 praeter
738 2594 850 2658 paucas
873 2575 904 2639 in
927 2576 1006 2641 libro
1029 2576 1186 2642 memoriae
1208 2575 1312 2640 Caroli

244 2679 347 2748 Graux
369 2680 518 2768 philologi
540 2681 624 2750 Galli
646 2684 697 2766 pie
719 2683 859 2748 dedicato
888 2681 972 2747 edidi
999 2684 1092 2766 atque
1123 2682 1204 2758 iude,
1234 2700 1311 2764 quo-

243 2789 327 2854 niam
350 2789 494 2873 exignum
515 2789 650 2872 spatium
672 2789 829 2874 occupant,
850 2787 911 2853 hue
924 2788 1080 2853 transtuli.
1124 2788 1169 2854 lla
1190 2786 1315 2868 ceteris,

245 2913 313 2977 qnae
346 2895 400 2959 aut
431 2895 462 2958 in
495 2913 591 2975 prosae
619 2895 767 2961 orationis
794 2895 976 2977 scriptorum
999 2895 1181 2978 fragmentis
1203 2893 1311 2959 autin

242 3001 340 3083 ipsius
363 3000 506 3066 Athenaei
529 3001 628 3065 verbis
650 3002 776 3079 correxi,
798 3020 906 3085 pausa,
937 3019 1005 3083 quae
1032 3004 1085 3065 aut
1106 3003 1231 3082 propter
1251 3018 1315 3073 res,

245 3124 312 3191 qnae
344 3105 548 3191 attinguntur,
581 3109 635 3171 aut
666 3108 790 3189 propter
820 3108 921 3189 ipsam
953 3107 1151 3172 eorrectionis
1179 3106 1310 3171 formam

244 3213 335 3296 paulo
362 3211 546 3278 notabiliora
574 3213 725 3286 videntur,
749 3212 800 3278 hin
820 3213 1026 3296 interponam,
1048 3212 1173 3296 reliquis
1194 3213 1315 3278 brevis-

244 3317 374 3384 simoin
397 3317 568 3402 marginem
591 3318 746 3385 eonieetis.

343 3456 379 3527 P.
401 3459 421 3522 h
443 3457 463 3522 d
486 3457 616 3527 Casaub.
639 3463 684 3537 (in
706 3462 844 3528 versibus
865 3461 1007 3528 Platonis
1030 3461 1167 3537 oomioi):

328 3558 548 3640 πουλύποδος
569 3564 698 3655 pleuto*
722 3562 797 3636 olto
821 3571 893 3636 ἐπεὶ
918 3562 1012 3658 λήψῃ
1036 3562 1120 3634 autu
1144 3559 1275 3652 καιρόν,

326 3669 419 3760 ἑφθή
442 3673 503 3758 τῆς
525 3666 646 3761 ὀπτῆς,
670 3671 713 3761 ἢν
735 3668 759 3766 ᾔ
779 3676 918 3761 μείζων,
941 3672 1031 3746 nolti
1055 3675 1223 3761 κρείττων.

244 3803 432 3869 Partioulam
464 3799 508 3869 ἅν
540 3806 611 3870 lerri
644 3825 705 3874 non
737 3823 827 3889 posse
860 3805 1034 3872 Diodorfins
1063 3805 1239 3880 annotavit3
1274 3822 1315 3869 ea

244 3910 324 3975 unde
346 3911 414 3975 orta
435 3911 484 3984 eit,
506 3912 677 3994 apparebit,
700 3913 727 3978 si
746 3912 914 3978 attenderis
928 3911 988 3979 hoo
1003 3930 1063 3978 uno
1077 3911 1143 3978 loeo
1159 3903 1312 3994 πλεκτήν

244 4016 402 4100 appellari,
435 4035 503 4100 qnae
535 4017 609 4084 alibi
642 4037 764 4103 semper
795 4013 969 4104 πλεκτάνῃ
1006 4016 1180 4101 appelletur
1201 4018 1234 4083 et
1255 4017 1313 4082 de·

243 4121 395 4190 minutiae
417 4116 636 4191 uetustate.
686 4124 888 4194 scribendum
910 4126 1018 4211 igitur:
