2974 4660
288 269 328 331 σο
654 269 714 323 use.
733 267 758 323 1.
776 270 843 336 cap.
861 267 909 323 av.

347 466 382 529 Ρ.
395 465 457 528 334
469 467 488 530 b
501 465 545 548 (iu
557 466 722 549 Phylarchi
737 467 911 531 narratione
927 465 965 530 de
980 483 1053 550 roga
1072 462 1231 538 Antiocho.
1254 463 1322 546 qui..

245 592 316 638 cum
339 572 369 637 ei
389 572 551 637 Patroclus
575 572 736 638 Ptolemaei
759 573 820 637 dux
840 573 935 638 simul
962 571 1062 655 pisces
1084 577 1117 636 et
1137 570 1214 636 ficus
1235 569 1322 636 douo

245 679 393 756 misisset,
417 679 503 756 ‚scite
535 679 734 752 declarasset.
768 679 844 762 quid
871 680 928 744 hoo
958 697 1082 743 munere
1105 679 1231 744 obscure
1254 678 1317 742 Pa-

246 785 363 851 troclus
385 784 606 869 significaret):
631 793 694 871 ἔφη
716 781 895 872 γινώσκειν
917 787 949 850 τί
971 779 1135 868 βούλεται
1150 780 1191 848 aaa*
1215 789 1318 860 ξένια

246 885 268 974 ἢ
304 886 369 978 yo'o
404 895 698 976 θαλαττοκρατεῖν
730 887 823 979 ἡμᾶς
859 918 940 978 φησι
970 889 1172 976 Πάτροκλος
1201 887 1224 977 ἢ
1249 894 1317 957 τών

247 993 358 1064 σύκων
379 993 529 1084 τρώγειν.
584 999 652 1065 Νοα
682 1001 923 1066 alterumutrum
951 1019 1032 1065 nuuc
1059 999 1126 1064 fieri
1155 999 1317 1065 Patroclus

246 1104 484 1188 significaverat,
507 1107 559 1171 ssd
583 1110 748 1191 utrumqne
771 1109 816 1173 sic
836 1108 1034 1172 coniunctum
1056 1123 1133 1182 osse,
1155 1109 1199 1180 ut,
1222 1105 1249 1170 ei
1263 1124 1316 1170 rex

246 1211 345 1278 altero
367 1212 427 1276 frui
450 1212 551 1286 vellet.
585 1214 718 1288 alterum
740 1230 915 1297 comparare
945 1213 1084 1279 deberet:
1114 1206 1137 1296 ἢ
1158 1209 1222 1296 γαρ
1244 1219 1320 1278 θα-

248 1319 490 1403 λαττοκρατεῖν
523 1319 616 1386 δεῖν
649 1316 741 1405 ἡμᾶς
775 1346 855 1407 φησι
890 1317 1091 1407 Πάτροκλος
1118 1314 1141 1406 ἢ
1167 1315 1225 1404 μή
1248 1321 1318 1385 τῶν

247 1421 358 1492 σύκων
380 1420 530 1511 τρώγειν.
540 1425 575 1508 *)

347 1641 382 1706 Ρ.
404 1641 468 1702 344
490 1661 516 1706 e.
562 1641 653 1706 Plato
682 1642 816 1707 corninus
839 1644 870 1708 iu
892 1641 996 1708 sabula
1018 1641 1120 1724 aliqua
1141 1642 1315 1726 Mynisoum

246 1747 419 1830 tragoedum
442 1747 581 1813 irriserat
602 1749 832 1832 parasitumque
855 1749 1072 1832 designaverat
1093 1749 1142 1813 his
1162 1749 1280 1814 verbis:

329 1893 407 1966 ‘Odi
429 1904 494 1983 μὲν
516 1895 768 1987 Ἀναγυράσιος
791 1895 904 1985 ὀρφώς
925 1903 997 1967 ἐστι’
1019 1926 1081 1966 σοι.

331 2000 369 2071 θ’
391 2003 472 2073 οὔθ’
496 2001 540 2082 οἷς
565 2010 663 2092 φίλος
686 2011 864 2084 Μενίσκος
887 2001 963 2076 ἐσθ’
985 2003 1003 2075 ὁ
1026 2001 1232 2081 Χαλκιδεύς.

330 2116 373 2182 Β.
397 2116 505 2188 καλῶς
528 2117 643 2203 λέγεις.

349 2269 410 2334 Pro
443 2270 556 2335 litteris
589 2272 739 2353 corruptis
768 2264 806 2336 θ’
829 2265 910 2337 οὗθ’
941 2264 985 2342 οἷς
1017 2269 1097 2334 atter
1132 2287 1238 2333 versus
1274 2266 1328 2332 sio

249 2376 429 2442 scribendus
451 2380 498 2441 est
519 2376 580 2441 leui
602 2378 788 2443 mutatione:

339 2524 480 2617 Τούτῳ
503 2532 601 2615 φίλος
624 2531 801 2605 Μανίσκος
824 2525 899 2598 ἐσθ’
921 2524 940 2597 ὁ
963 2520 1168 2602 Χαλκιδεύς.

350 2684 516 2749 Nomineto
545 2683 669 2749 homine
701 2684 796 2750 divite
818 2685 851 2748 et
872 2682 1025 2749 luxurioso
1047 2683 1120 2748 hnic
1144 2683 1323 2765 Myuiecnm

251 2793 383 2858 amioum
407 2810 474 2857 osse
495 2790 598 2868 addit;
621 2792 653 2855 id
674 2794 758 2856 recte
781 2791 892 2856 habero
915 2793 1010 2862 etse,
1032 2807 1093 2874 quo
1108 2788 1142 2853 id
1157 2788 1319 2871 pertineat,

251 2898 429 2982 intelligere
450 2898 548 2964 altera
569 2917 700 2981 persona
721 2898 847 2964 subiicit
870 2897 993 2980 (καλῶς
1015 2899 1144 2982 λέγεις).

351 3112 386 3175 P.
402 3112 463 3174 345
479 3112 516 3176 d:
544 3106 661 3198 λαβών
675 3108 756 3179 ὅλον
773 3109 846 3192 (τόν
862 3109 978 3201 ἰχθύν)
994 3106 1013 3178 ὁ
1028 3107 1154 3197 Ζοᾷναν
1171 3104 1240 3177 dard
1257 3105 1323 3172 τοῦ

252 3219 396 3304 αι’νακος
417 3216 489 3292 οἷος
509 3207 554 3304 ἦν
576 3222 783 3287 κατεσθίειν.
833 3222 925 3305 Apud
939 3223 1028 3305 Diog.
1044 3220 1146 3286 Luert.
1164 3217 1246 3296 (Vll,
1266 3216 1323 3293 19)

252 3326 382 3391 scudem
410 3343 477 3391 rem
505 3330 679 3392 narrantem
708 3330 854 3394 scribitur
880 3327 951 3404 οἷός
982 3322 1012 3394 τ’
1033 3319 1077 3414 ἦν
1111 3328 1319 3393 κατεσθίειν.

250 3433 348 3515 Atqui
369 3450 428 3497 nou
452 3433 564 3517 agitur,
588 3439 734 3517 quantem
751 3437 861 3502 edendi
875 3437 1054 3504 facultatem
1068 3435 1150 3500 Zeno
1164 3431 1322 3506 habuerit,

251 3539 305 3604 sed
335 3541 406 3623 quid
435 3540 541 3606 fecerit
567 3544 622 3607 aut
649 3544 760 3609 saltem
791 3544 891 3612 facere
929 3544 1064 3626 coeperit.
1118 3539 1323 3606 scribendum

239 3646 382 3736 arbitror
403 3645 485 3728 apud
506 3648 708 3716 Athenaeum:
732 3647 848 3738 λαβών
869 3649 951 3719 ὅλον
974 3644 993 3717 o‘
1014 3647 1140 3736 Ζήνων
1161 3644 1232 3716 α’κιό
1254 3645 1319 3712 τοῦ

252 3763 408 3835 αι’νιικσς,
432 3754 502 3832 οἷος
523 3749 581 3843 ἦν,
604 3752 842 3844 κατήσθιεν
867 3761 1003 3842 („qualis
1026 3759 1218 3844 quoiusque
1239 3759 1321 3838 erat,

250 3931 485 3939 ——..-—-—-.-

306 4030 333 4096 *)
351 4029 445 4086 Peon
463 4048 478 4088 e
497 4048 547 4088 scr.
567 4033 800 4105 ἀδιανοητότερον
819 4029 999 4103 εἶναιῆκατὰ
1008 4029 1059 4100 τὴν
1068 4029 1257 4102 προσηγορίαν
1265 4029 1323 4084 τοῦ

352 4121 458 4193 πατρὸς
476 4147 501 4180 κ.
519 4146 543 4183 τ.
563 4133 585 4184 2.
