3008 4654
302 283 365 349 228
674 285 788 342 lesnll
807 286 874 356 Cap
891 287 925 340 V.

260 479 517 562 similitudinem
544 485 590 550 aio
618 484 702 550 enim
724 484 873 566 smiptnm
895 485 1013 550 luerat:
1043 500 1172 566 nequo
1191 481 1334 564 ali<ser

261 586 395 671 nir>n
414 608 456 656 re
477 589 668 670 Romana,
689 609 804 675 qnam
826 591 861 656 si
881 609 981 656 onus
1001 588 1225 672 imperitet.
1265 588 1333 652 lam

262 695 346 764 nea
369 693 565 780 signifimbur
585 696 734 764 oondieio.
788 695 906 764 Oenius
934 694 1052 762 librarii
1078 696 1119 762 ab
1145 694 1202 760 ali
1228 695 1332 760 bans-

260 799 350 870 siluit
370 802 410 868 ad
430 801 506 869 alu.

360 909 441 976 ibid.
465 910 517 988 Vl,
540 910 577 972 2:
598 908 686 975 liaeo
706 895 904 976 adversus
925 909 1147 994 Togonium
1161 907 1331 986 (liberius)

260 1014 397 1083 verbis
435 1016 646 1084 moderans
674 1034 801 1100 neque
821 1017 933 1082 ultra
952 1015 1225 1083 abolitionem
1246 1033 1333 1081 sen·

260 1123 402 1190 tantine
434 1123 636 1190 suaderet
689 1123 781 1188 Varie
808 1122 983 1207 eorrignnt;
1014 1121 1199 1188 facillimum
1221 1125 1254 1187 et
1274 1139 1331 1203 ap·

260 1229 417 1296 tissimum
439 1233 505 1294 ast:
532 1229 668 1296 verbis
690 1229 918 1305 moderans,
948 1247 991 1296 ne
1012 1227 1090 1315 qnid
1111 1229 1222 1294 ultra
1244 1227 1330 1294 abo·

262 1337 451 1404 litionem
473 1335 694 1402 sententie
715 1336 917 1402 suaderet

361 1443 441 1510 Ibid
454 1443 509 1506 14:
532 1442 581 1508 Et
600 1441 896 1509 IuliusCelsus
913 1445 1106 1509 tribunus
1128 1443 1165 1509 in
1188 1441 1331 1508 rinelis

261 1551 439 1618 laxatam
466 1548 649 1616 catenam
678 1552 718 1614 et
745 1551 1036 1617 circumdatam
1064 1550 1104 1615 in
1127 1549 1331 1614 divorsum

261 1657 432 1724 tendens
474 1674 585 1722 suam
626 1658 713 1738 ipso
748 1658 946 1722 eerrieem
984 1656 1197 1741 perfregit.
1260 1655 1331 1720 Non

260 1765 401 1832 misnam
424 1744 533 1830 Celsus
563 1762 597 1828 in
626 1761 813 1828 eontrarium
847 1763 991 1842 tetendit,
1022 1765 1078 1830 sed
1106 1768 1216 1830 eatena
1250 1762 1330 1828 eollo

261 1869 452 1937 oireumdota
473 1869 539 1952 ipse
560 1869 592 1934 in
614 1869 800 1934 eontrarium
823 1871 942 1952 partem
967 1871 1101 1936 tetendit
1121 1876 1154 1934 et
1169 1869 1255 1935 nisus
1270 1875 1328 1947 est,

259 1978 297 2044 ut
317 1981 433 2042 catenae
456 1977 485 2040 ri
506 1974 610 2042 oerrix
630 1974 832 2060 frangeretur.
876 1978 1078 2044 Seribondum
1095 1978 1192 2062 igitur
1206 1975 1331 2041 sublata

260 2082 377 2158 littera,
408 2100 475 2166 quae
504 2099 598 2163 pravo
627 2082 799 2165 saepissinre
826 2081 977 2150 adheret:
1006 2085 1118 2152 laxata
1144 2085 1263 2150 eatena
1291 2086 1330 2149 et

260 2185 473 2256 oiroumdate.

361 2293 440 2361 ibid.
456 2295 515 2360 29:
538 2295 588 2360 et
611 2295 737 2362 Romae
759 2299 863 2363 erede
883 2299 1078 2365 continua
1098 2296 1331 2381 Pomponius

261 2401 390 2469 Labeo
413 2447 420 2463 .
444 2446 452 2464 .
474 2446 483 2464 .
506 2445 514 2464 .
537 2419 606 2484 per
635 2402 830 2487 abruptas
857 2423 978 2471 venas
1009 2407 1246 2489 sanguinem
1268 2404 1329 2468 el-

259 2509 385 2588 fudit,
422 2509 689 2592 aemulataque
729 2513 793 2578 est
831 2513 973 2577 eonion
1020 2511 1164 2577 Paxaea
1231 2512 1329 2576 Pravo

259 2615 353 2686 endis
374 2613 529 2682 continuae
551 2615 667 2681 montio
692 2615 872 2703 adiungitur
893 2619 1029 2685 ablativo
1052 2637 1126 2685 oasu
1147 2617 1187 2684 ad
1202 2619 1331 2685 verbnm

260 2723 415 2790 alludit
447 2721 484 2786 de
514 2722 605 2788 unios
626 2720 761 2790 hominis
783 2727 881 2790 morte
902 2725 1049 2808 positum,
1086 2725 1209 2792 etiamsi
1230 2724 1331 2792 uxoris

261 2829 492 2898 aemulationem
532 2829 700 2895 enarrando
735 2829 898 2913 oomplooti
926 2851 1043 2898 oonere.
1087 2833 1226 2916 Apparet
1247 2833 1330 2898 enim

225 2937 228 2946 '
261 2936 405 3002 'raditum
440 2934 528 3019 gravi
565 2953 732 3018 paucorum
767 2937 929 3004 verborum
964 2938 1084 3004 exordio
1116 2940 1229 3006 seriem
1261 2958 1330 3004 eam

260 3043 407 3108 mortium
441 3041 473 3108 et
504 3041 636 3108 taedium
668 3042 752 3110 brevi
783 3045 930 3129 temporis
958 3045 1058 3129 spatio
1085 3047 1329 3130 perpetratarum
1359 3035 1363 3042 ’

260 3147 442 3236 significare,
465 3166 540 3232 qous
564 3147 671 3215 deinde
693 3149 877 3236 singillatim
900 3151 1031 3228 indieet;
1063 3153 1156 3237 atque
1184 3151 1224 3218 ed
1250 3152 1329 3219 hane

259 3253 436 3341 generalem
448 3255 642 3333 sententium,
657 3276 717 3322 non
735 3256 775 3323 ad
791 3257 882 3324 onius
897 3259 990 3324 cedis
1005 3260 1204 3336 mentionem,
1221 3263 1329 3342 aptum

259 3364 309 3430 est
330 3362 458 3428 Remea
481 3379 592 3450 nomen
616 3361 705 3428 initio
728 3365 873 3447 positum.
925 3367 1036 3450 Itaque
1058 3367 1164 3449 opinor
1186 3365 1329 3432 Tacitum

260 3468 434 3552 scripsisse:
474 3469 525 3536 At
558 3470 684 3535 Romae
719 3471 823 3538 orodes
856 3472 1027 3540 continue.
1087 3473 1329 3554 Pomponius

262 3576 389 3644 Labeo
411 3578 469 3642 oet.
513 3575 642 3652 (lneidit
669 3576 700 3642 in
730 3595 837 3643 rerum
867 3579 1034 3658 llrnestius,
1057 3579 1112 3646 sed
1134 3580 1194 3644 alia
1216 3580 1331 3665 effugia

260 3682 415 3761 tentarit.)

362 3799 440 3866 lbid.
463 3798 519 3862 36:
554 3801 676 3884 atque
707 3801 875 3868 interim
909 3821 1025 3885 posse
1054 3804 1226 3870 Parthos
1258 3806 1329 3871 ab·

260 3903 437 3976 sontium
460 3923 607 3990 aequos,
637 3909 909 3993 praesentibus
938 3909 1108 3976 mobiles
1136 3912 1183 3977 ad
1204 3911 1330 3995 paeni-

261 4014 433 4080 tentiam
454 4012 612 4078 mutari.
661 4013 770 4097 Neque
792 4015 990 4095 eductivum,
1013 4017 1096 4101 quod
1118 4021 1166 4084 est
1187 4037 1328 4102 aequus,

262 4118 328 4186 ulla
354 4118 472 4184 rationo
504 4135 576 4184 eum
607 4121 748 4204 genetivo
777 4123 921 4208 coniungi
948 4124 1052 4207 potest
1078 4143 1179 4210 neque
1206 4125 1238 4190 in
1261 4143 1331 4191 eam
