3012 4652
577 299 719 357 Ciceronis
736 299 870 369 epistolae.
1155 299 1214 364 191

185 498 332 564 armati
353 499 391 563 in
414 499 686 565 Tusculanum
707 497 984 565 mitterentur.
1027 499 1068 564 ld
1098 497 1257 584 quidem

184 605 283 673 mibi
314 604 551 685 ridebatur,
585 603 654 672 sed
686 605 905 671 carendum
937 605 1069 671 tamen
1102 607 1146 671 ut
1181 606 1256 671 ille

184 730 257 795 que
277 713 416 796 plures
439 711 630 778 ridenda.
659 711 733 780 Sed
754 712 915 796 aliquid
937 711 1144 791 crastinus
1166 713 1256 779 dies

184 817 231 884 ad
264 818 525 902 cogitandum
557 819 673 885 nobis
706 819 809 886 dare.
861 819 930 886 Etsi
962 819 1110 886 abhorreo
1143 820 1182 886 ab
1216 819 1256 886 iis

183 925 259 991 locis
291 927 575 1004 commemorandis,
609 926 641 991 in
674 927 787 1011 quibus
814 944 852 991 ne
882 927 1033 1010 opinando
1062 925 1187 1010 quidem
1216 924 1257 991 ad

183 1033 299 1099 certam
323 1032 457 1117 aliquam
480 1037 512 1098 et
534 1033 691 1100 definitam
718 1034 832 1100 rectius
859 1032 1013 1100 scribendi
1034 1032 1164 1099 formam
1187 1051 1254 1118 per-

183 1140 284 1205 venire
305 1141 431 1223 possim,
453 1139 533 1206 libet
554 1141 658 1206 tamen
681 1142 820 1224 exemplo
841 1144 1023 1220 monstrare,
1055 1141 1255 1224 quemadmo-

184 1246 266 1324 dum,
289 1231 413 1312 etiamsi
434 1247 555 1313 absolvi
577 1247 750 1314 emendatio
772 1250 915 1333 nequeat,
937 1239 1043 1333 primae
1064 1253 1168 1312 tamen
1190 1249 1255 1314 eius

181 1353 270 1419 lineae
294 1354 365 1419 duci
387 1355 503 1419 otveri
527 1353 691 1439 exquisitio
712 1355 898 1438 quibusdam
917 1355 1030 1420 finibus
1046 1353 1255 1421 circumscribi

181 1460 288 1544 possit.
333 1461 474 1526 Primum
507 1462 588 1545 qnod
620 1465 693 1529 ante
726 1461 947 1546 ridebatur
981 1460 1114 1528 editores
1136 1460 1256 1526 addunt

181 1586 255 1632 non
278 1567 347 1645 (alii
369 1567 474 1634 band
496 1568 551 1634 ant
571 1567 658 1647 rix),
682 1587 780 1653 neque
803 1568 938 1634 excidere
961 1568 995 1632 id
1009 1565 1101 1632 facile
1121 1568 1253 1649 poterat,

181 1692 280 1758 neque
302 1675 386 1740 recte
408 1675 521 1741 dicitnr
547 1676 587 1740 id
609 1694 684 1741 non
706 1672 838 1740 rideri
860 1693 921 1758 pro
938 1693 983 1753 oo,
1007 1673 1089 1758 quod
1111 1675 1159 1739 est
1181 1692 1254 1738 non

180 1782 312 1848 rideri
333 1801 468 1848 rerum
490 1789 544 1860 (-
566 1803 639 1847 nam
660 1783 749 1865 longe
771 1782 861 1848 aliter
883 1781 921 1846 de
941 1781 1063 1847 decreto
1085 1780 1117 1844 et
1138 1779 1253 1845 iudicio

181 1888 295 1955 dicitur
319 1889 451 1956 videri
473 1889 528 1954 aut
548 1908 622 1954 non
644 1889 775 1954 rideri
799 1897 861 1968 -),
885 1890 917 1954 et
937 1907 1030 1970 pravo
1052 1886 1121 1953 loco
1143 1886 1176 1952 in
1196 1887 1254 1953 bac

181 1995 327 2062 orationis
349 1996 449 2062 forma
471 1996 594 2080 ponitur
616 1995 784 2080 quidem.
829 1995 984 2080 Scriptum
1000 1994 1102 2060 iuerat
1117 1992 1157 2060 ad
1172 1993 1252 2060 bano

180 2102 329 2169 formam:
364 2139 405 2150 —-
427 2103 703 2169 mitterentur.
749 2101 1139 2187 <limentitum>id
1165 2101 1253 2185 qui-

181 2209 264 2274 dem
288 2209 385 2274 mibi
407 2208 643 2289 ridebatur,
673 2211 743 2276 sed
765 2212 823 2277 cet.
876 2209 996 2275 Deinde
1018 2210 1049 2274 in
1072 2209 1187 2273 litteris
1210 2209 1253 2272 ut

179 2316 254 2380 ille
277 2334 349 2400 que
371 2315 451 2380 latet
473 2317 701 2382 substantivum
717 2317 857 2383 feminini
873 2318 994 2401 generis
1009 2315 1159 2400 particula
1181 2334 1253 2399 que

180 2422 359 2488 adiunctum
372 2422 609 2507 significansque
624 2423 751 2508 aliquid,
768 2423 849 2508 qnod
859 2422 1046 2490 defensionis
1057 2421 1252 2504 praesidiique

180 2547 271 2594 cauea
304 2528 614 2611 circumspiciendum
648 2531 681 2594 et
716 2529 956 2612 comparandum
993 2529 1050 2605 sit;
1067 2594 1070 2600 ,
1088 2530 1133 2594 sic
1170 2527 1252 2593 enim

180 2636 303 2718 ponitur
324 2635 461 2702 videre
484 2637 534 2702 bic
557 2637 593 2714 V,
618 2637 646 2715 l,
673 2635 702 2715 3,
728 2637 817 2703 Taso.
842 2637 898 2715 III,
921 2636 971 2714 46,
1005 2635 1043 2700 de
1066 2635 1117 2700 Or.
1140 2634 1197 2713 Iil,
1222 2635 1251 2696 2.

179 2743 291 2808 Fuitne
313 2743 523 2827 tutelaque?
572 2742 766 2827 Quamquam
804 2763 900 2809 unum
932 2742 1101 2808 Varronem
1137 2742 1251 2806 testem

180 2849 271 2914 huius
293 2848 426 2915 nominis
451 2849 563 2933 plurali
593 2870 718 2916 numero
751 2851 845 2934 positi
874 2850 983 2916 babeo.
1035 2849 1197 2914 Postremo
1219 2850 1250 2913 in

180 2956 249 3022 sed
283 2958 367 3040 (post
400 2956 473 3032 do)
501 2956 601 3028 latore
634 2958 764 3024 arbitror
798 2956 895 3024 debet
923 2955 1058 3035 (debet
1092 2954 1250 3039 aliquid

181 3064 388 3129 crastinus
421 3064 508 3129 dies
532 3109 539 3126 .
563 3109 570 3125 .
593 3065 711 3130 nobis
744 3065 861 3142 dare),
897 3065 988 3148 quod,
1021 3063 1058 3129 ut
1091 3062 1175 3142 alibi,
1212 3062 1250 3126 de

179 3171 397 3253 probabilitate
418 3170 471 3250 rei,
495 3189 587 3254 quam
603 3170 686 3238 soleo
700 3171 835 3256 logicam
851 3171 1068 3237 neccssitatem
1086 3169 1252 3253 appellare,

181 3278 302 3344 dicitur.
346 3277 409 3344 Sed
430 3277 496 3343 baec
517 3275 729 3343 hariolationis
757 3280 857 3364 magis
879 3297 972 3363 quam
994 3279 1085 3343 eertae
1108 3275 1251 3341 emenda·

180 3385 274 3450 tionis
295 3385 359 3452 rim
382 3385 519 3451 obtinere
542 3385 605 3450 iam
628 3384 699 3449 dini.

280 3505 362 3571 Ibid.
385 3505 435 3585 20,
458 3505 496 3570 2:
525 3504 684 3588 Itaque,
718 3502 771 3568 mi
800 3502 956 3581 Attice,
989 3500 1161 3567 fortiter
1181 3499 1252 3565 hoc

180 3610 302 3676 velim
329 3611 528 3692 accipias,
561 3611 603 3675 nt
636 3627 706 3694 ego
733 3610 882 3676 scribo:
905 3609 1039 3676 Genus
1060 3606 1251 3673 illudin-

180 3717 349 3795 teritus,
387 3735 460 3800 quc
497 3735 691 3782 causurns
729 3716 808 3795 est,
851 3716 992 3783 foedum
1030 3715 1177 3781 ducens
1214 3716 1253 3780 et

66 3813 71 3818 ’
181 3823 296 3908 quasi
333 3822 617 3890 denuntiatum
652 3824 768 3901 nobis
804 3825 850 3890 ab
890 3822 1065 3890 Antonio
1103 3841 1145 3887 ex
1181 3822 1253 3888 bae

179 3951 300 3999 nassa
333 3933 441 3998 exire
474 3930 690 4011 constitui,
729 3950 803 3998 non
836 3931 883 3998 ad
914 3931 1066 4015 fugam,
1102 3929 1171 3995 sed
1205 3928 1252 3994 ad

180 4058 288 4124 spem
314 4039 458 4106 mortis
487 4040 694 4105 melioris·
734 4039 840 4106 Genus
861 4039 1006 4106 interitus
1029 4037 1125 4103 nobili
1148 4035 1251 4120 aliquo

181 4148 316 4234 exemplo
348 4147 538 4214 illustratum
567 4147 729 4232 significat.
784 4147 829 4212 Ex
855 4145 1031 4214 litterarum
1054 4143 1196 4231 vestigiis
1218 4144 1251 4208 id
