<?xml version="1.0" encoding="UTF-8"?>
<!DOCTYPE html PUBLIC "-//W3C//DTD XHTML 1.0 Transitional//EN"
    "http://www.w3.org/TR/xhtml1/DTD/xhtml1-transitional.dtd">
<html xmlns="http://www.w3.org/1999/xhtml" xml:lang="en" lang="en">
 <head>
  <title>
</title>
<meta http-equiv="Content-Type" content="text/html;charset=utf-8" />
  <meta name='ocr-system' content='tesseract 3.04.00' />
  <meta name='ocr-capabilities' content='ocr_page ocr_carea ocr_par ocr_line ocrx_word'/>
</head>
<body>
  <div class='ocr_page' id='page_1' title='image "./adversariacriti04madvgoog_0030.png"; bbox 0 0 2974 4660; ppageno 0'>
   <div class='ocr_carea' id='block_1_1' title="bbox 593 267 1165 344">
    <p class='ocr_par' dir='ltr' id='par_1_1' title="bbox 593 267 1165 344">
     <span class='ocr_line' id='line_1_1' title="bbox 593 267 1165 344; baseline 0.014 -22"><span class='ocrx_word' id='word_1_1' title='bbox 593 267 755 344; x_wconf 80' lang='lat' dir='ltr'><strong>Herodotus.</strong></span> <span class='ocrx_word' id='word_1_2' title='bbox 1126 268 1165 330; x_wconf 79' lang='lat'><strong>23</strong></span> 
     </span>
    </p>
   </div>
   <div class='ocr_carea' id='block_1_2' title="bbox 137 463 1209 870">
    <p class='ocr_par' dir='ltr' id='par_1_2' title="bbox 137 463 1209 870">
     <span class='ocr_line' id='line_1_2' title="bbox 138 463 1207 550; baseline 0.003 -23"><span class='ocrx_word' id='word_1_3' title='bbox 138 467 299 547; x_wconf 80' lang='lat' dir='ltr'><strong>tamquam</strong></span> <span class='ocrx_word' id='word_1_4' title='bbox 331 463 449 530; x_wconf 82' lang='lat' dir='ltr'><strong>iudices</strong></span> <span class='ocrx_word' id='word_1_5' title='bbox 479 465 634 530; x_wconf 86' lang='lat' dir='ltr'><strong>sententia</strong></span> <span class='ocrx_word' id='word_1_6' title='bbox 654 465 831 550; x_wconf 87' lang='lat' dir='ltr'><strong>interposita</strong></span> <span class='ocrx_word' id='word_1_7' title='bbox 859 466 917 532; x_wconf 89' lang='lat' dir='ltr'><strong>hoe</strong></span> <span class='ocrx_word' id='word_1_8' title='bbox 947 465 1014 531; x_wconf 90' lang='lat' dir='ltr'><strong>fiori</strong></span> <span class='ocrx_word' id='word_1_9' title='bbox 1041 467 1207 544; x_wconf 84' lang='lat' dir='ltr'><strong>iusserunt,</strong></span> 
     </span>
     <span class='ocr_line' id='line_1_3' title="bbox 137 568 1209 656; baseline 0.005 -25"><span class='ocrx_word' id='word_1_10' title='bbox 137 568 197 634; x_wconf 82' lang='lat' dir='ltr'><strong>sed</strong></span> <span class='ocrx_word' id='word_1_11' title='bbox 233 572 450 653; x_wconf 77' lang='lat' dir='ltr'><strong>persuaserunt</strong></span> <span class='ocrx_word' id='word_1_12' title='bbox 481 571 604 655; x_wconf 85' lang='lat' dir='ltr'><strong>regibus</strong></span> <span class='ocrx_word' id='word_1_13' title='bbox 637 572 799 638; x_wconf 84' lang='lat' dir='ltr'>Medorum</span> <span class='ocrx_word' id='word_1_14' title='bbox 833 577 865 638; x_wconf 87' lang='lat' dir='ltr'><strong>et</strong></span> <span class='ocrx_word' id='word_1_15' title='bbox 897 571 1062 656; x_wconf 81' lang='lat' dir='ltr'><strong>Lydorum,</strong></span> <span class='ocrx_word' id='word_1_16' title='bbox 1094 573 1130 637; x_wconf 91' lang='lat' dir='ltr'><strong>ut</strong></span> <span class='ocrx_word' id='word_1_17' title='bbox 1163 571 1209 636; x_wconf 87' lang='lat' dir='ltr'><strong>ita</strong></span> 
     </span>
     <span class='ocr_line' id='line_1_4' title="bbox 144 675 1207 762; baseline 0.004 -23"><span class='ocrx_word' id='word_1_18' title='bbox 144 677 287 751; x_wconf 89' lang='lat' dir='ltr'><strong>lacerent,</strong></span> <span class='ocrx_word' id='word_1_19' title='bbox 310 675 369 744; x_wconf 85' lang='lat' dir='ltr'><strong>hoo</strong></span> <span class='ocrx_word' id='word_1_20' title='bbox 390 679 438 743; x_wconf 89' lang='lat' dir='ltr'><strong>est</strong></span> <span class='ocrx_word' id='word_1_21' title='bbox 460 679 531 760; x_wconf 91' lang='lat' dir='ltr'><strong>(usu</strong></span> <span class='ocrx_word' id='word_1_22' title='bbox 552 678 696 762; x_wconf 92' lang='lat' dir='ltr'><strong>loquendi</strong></span> <span class='ocrx_word' id='word_1_23' title='bbox 722 679 897 745; x_wconf 90' lang='lat' dir='ltr'><strong>Herodoteo</strong></span> <span class='ocrx_word' id='word_1_24' title='bbox 921 679 953 743; x_wconf 87' lang='lat' dir='ltr'><strong>et</strong></span> <span class='ocrx_word' id='word_1_25' title='bbox 974 676 1207 761; x_wconf 76' lang='lat' dir='ltr'><strong>Hippocrateo),</strong></span> 
     </span>
     <span class='ocr_line' id='line_1_5' title="bbox 142 781 994 870; baseline 0.002 -22"><span class='ocrx_word' id='word_1_26' title='bbox 142 781 216 850; x_wconf 77' lang='grc' dir='ltr'><strong>σ’νὲ</strong></span> <span class='ocrx_word' id='word_1_27' title='bbox 220 808 352 870; x_wconf 79' lang='grc' dir='ltr'><em>ηνωσσ</em></span> <span class='ocrx_word' id='word_1_28' title='bbox 361 808 389 849; x_wconf 94' lang='grc' dir='ltr'><strong>ν.</strong></span> <span class='ocrx_word' id='word_1_29' title='bbox 436 783 562 850; x_wconf 83' lang='lat' dir='ltr'><strong>Litterae</strong></span> <span class='ocrx_word' id='word_1_30' title='bbox 584 811 629 850; x_wconf 91' lang='grc' dir='ltr'><strong>αν</strong></span> <span class='ocrx_word' id='word_1_31' title='bbox 650 785 828 851; x_wconf 84' lang='lat' dir='ltr'><strong>exoiderunt</strong></span> <span class='ocrx_word' id='word_1_32' title='bbox 850 786 920 868; x_wconf 88' lang='lat' dir='ltr'><strong>post</strong></span> <span class='ocrx_word' id='word_1_33' title='bbox 942 809 994 869; x_wconf 87' lang='grc' dir='ltr'><strong>ορ.</strong></span> 
     </span>
    </p>
   </div>
   <div class='ocr_carea' id='block_1_3' title="bbox 135 919 1212 1864">
    <p class='ocr_par' dir='ltr' id='par_1_3' title="bbox 135 919 1212 1864">
     <span class='ocr_line' id='line_1_6' title="bbox 242 919 1209 1011; baseline 0.002 -21"><span class='ocrx_word' id='word_1_34' title='bbox 242 925 322 991; x_wconf 87' lang='lat' dir='ltr'><strong>lbid.</strong></span> <span class='ocrx_word' id='word_1_35' title='bbox 345 924 400 988; x_wconf 83' lang='lat'><strong>78:</strong></span> <span class='ocrx_word' id='word_1_36' title='bbox 427 921 549 993; x_wconf 79' lang='grc' dir='ltr'><em>οιίσίιια</em></span> <span class='ocrx_word' id='word_1_37' title='bbox 572 928 606 994; x_wconf 79' lang='grc' dir='ltr'><em>δὲ</em></span> <span class='ocrx_word' id='word_1_38' title='bbox 630 934 764 1011; x_wconf 77' lang='grc' dir='ltr'><em>ἔπεμπε</em></span> <span class='ocrx_word' id='word_1_39' title='bbox 788 929 961 1010; x_wconf 80' lang='grc' dir='ltr'><em>(Κροῖσος)</em></span> <span class='ocrx_word' id='word_1_40' title='bbox 984 919 1209 1010; x_wconf 76' lang='grc' dir='ltr'><strong><em>θεοπρόπους</em></strong></span> 
     </span>
     <span class='ocr_line' id='line_1_7' title="bbox 137 1031 1207 1120; baseline 0.002 -25"><span class='ocrx_word' id='word_1_41' title='bbox 137 1036 177 1103; x_wconf 68' lang='grc' dir='ltr'><strong>ἐς</strong></span> <span class='ocrx_word' id='word_1_42' title='bbox 208 1032 277 1096; x_wconf 81' lang='grc' dir='ltr'><strong>τών</strong></span> <span class='ocrx_word' id='word_1_43' title='bbox 309 1037 492 1118; x_wconf 77' lang='grc' dir='ltr'><em>ἐξηγητέων</em></span> <span class='ocrx_word' id='word_1_44' title='bbox 532 1033 763 1120; x_wconf 67' lang='grc' dir='ltr'><em>Τελμησσέων.</em></span> <span class='ocrx_word' id='word_1_45' title='bbox 822 1034 891 1098; x_wconf 88' lang='lat' dir='ltr'><strong>Non</strong></span> <span class='ocrx_word' id='word_1_46' title='bbox 926 1034 1025 1098; x_wconf 89' lang='lat' dir='ltr'><strong>solum</strong></span> <span class='ocrx_word' id='word_1_47' title='bbox 1059 1031 1207 1098; x_wconf 73' lang='lat' dir='ltr'>articulus</span> 
     </span>
     <span class='ocr_line' id='line_1_8' title="bbox 140 1138 1208 1226; baseline 0 -24"><span class='ocrx_word' id='word_1_48' title='bbox 140 1157 234 1220; x_wconf 84' lang='lat' dir='ltr'><strong>prave</strong></span> <span class='ocrx_word' id='word_1_49' title='bbox 255 1138 386 1205; x_wconf 87' lang='lat' dir='ltr'><strong>omissus</strong></span> <span class='ocrx_word' id='word_1_50' title='bbox 409 1143 480 1205; x_wconf 83' lang='lat' dir='ltr'><strong>aute</strong></span> <span class='ocrx_word' id='word_1_51' title='bbox 508 1142 732 1226; x_wconf 74' lang='grc' dir='ltr'><em>Τελμησσέων</em></span> <span class='ocrx_word' id='word_1_52' title='bbox 753 1140 899 1205; x_wconf 90' lang='lat' dir='ltr'><strong>mendum</strong></span> <span class='ocrx_word' id='word_1_53' title='bbox 921 1138 1034 1224; x_wconf 81' lang='lat' dir='ltr'><strong>arguit,</strong></span> <span class='ocrx_word' id='word_1_54' title='bbox 1064 1138 1120 1204; x_wconf 86' lang='lat' dir='ltr'><strong>sed</strong></span> <span class='ocrx_word' id='word_1_55' title='bbox 1142 1138 1208 1220; x_wconf 90' lang='lat' dir='ltr'><strong>ipse</strong></span> 
     </span>
     <span class='ocr_line' id='line_1_9' title="bbox 141 1244 1212 1331; baseline -0.001 -22"><span class='ocrx_word' id='word_1_56' title='bbox 141 1244 303 1329; x_wconf 73' lang='lat' dir='ltr'>genetivus</span> <span class='ocrx_word' id='word_1_57' title='bbox 318 1245 391 1311; x_wconf 88' lang='lat' dir='ltr'><strong>ferri</strong></span> <span class='ocrx_word' id='word_1_58' title='bbox 414 1246 611 1312; x_wconf 90' lang='lat' dir='ltr'><strong>nullomodo</strong></span> <span class='ocrx_word' id='word_1_59' title='bbox 633 1248 750 1330; x_wconf 87' lang='lat' dir='ltr'><strong>potest;</strong></span> <span class='ocrx_word' id='word_1_60' title='bbox 774 1248 863 1331; x_wconf 83' lang='lat' dir='ltr'><strong>louge</strong></span> <span class='ocrx_word' id='word_1_61' title='bbox 885 1245 968 1311; x_wconf 89' lang='lat' dir='ltr'><strong>enim</strong></span> <span class='ocrx_word' id='word_1_62' title='bbox 991 1247 1081 1312; x_wconf 84' lang='lat' dir='ltr'><strong>aliter</strong></span> <span class='ocrx_word' id='word_1_63' title='bbox 1096 1245 1212 1310; x_wconf 85' lang='lat' dir='ltr'><strong>dieitur</strong></span> 
     </span>
     <span class='ocr_line' id='line_1_10' title="bbox 143 1347 1208 1436; baseline 0 -21"><span class='ocrx_word' id='word_1_64' title='bbox 143 1360 177 1423; x_wconf 77' lang='grc' dir='ltr'><strong>ἐς</strong></span> <span class='ocrx_word' id='word_1_65' title='bbox 200 1347 410 1418; x_wconf 69' lang='grc' dir='ltr'><em>διδασκάλων</em></span> <span class='ocrx_word' id='word_1_66' title='bbox 433 1354 555 1436; x_wconf 69' lang='lat' dir='ltr'><strong>decedo</strong></span> <span class='ocrx_word' id='word_1_67' title='bbox 573 1357 605 1418; x_wconf 89' lang='lat' dir='ltr'><strong>et</strong></span> <span class='ocrx_word' id='word_1_68' title='bbox 619 1353 733 1418; x_wconf 79' lang='lat' dir='ltr'><strong>similia</strong></span> <span class='ocrx_word' id='word_1_69' title='bbox 748 1354 785 1418; x_wconf 87' lang='lat' dir='ltr'><strong>ds</strong></span> <span class='ocrx_word' id='word_1_70' title='bbox 800 1355 849 1426; x_wconf 87' lang='lat' dir='ltr'><strong>iis,</strong></span> <span class='ocrx_word' id='word_1_71' title='bbox 863 1355 916 1436; x_wconf 89' lang='lat' dir='ltr'><strong>qui</strong></span> <span class='ocrx_word' id='word_1_72' title='bbox 932 1353 1056 1418; x_wconf 91' lang='lat' dir='ltr'><strong>domum</strong></span> <span class='ocrx_word' id='word_1_73' title='bbox 1071 1352 1208 1435; x_wconf 84' lang='lat' dir='ltr'><strong>aliquam</strong></span> 
     </span>
     <span class='ocr_line' id='line_1_11' title="bbox 140 1458 1209 1543; baseline -0.004 -18"><span class='ocrx_word' id='word_1_74' title='bbox 140 1461 269 1525; x_wconf 89' lang='lat' dir='ltr'><strong>intrant.</strong></span> <span class='ocrx_word' id='word_1_75' title='bbox 323 1460 444 1524; x_wconf 81' lang='lat' dir='ltr'><strong>Excidit</strong></span> <span class='ocrx_word' id='word_1_76' title='bbox 475 1459 701 1525; x_wconf 84' lang='lat' dir='ltr'><strong>substantivum</strong></span> <span class='ocrx_word' id='word_1_77' title='bbox 730 1463 783 1526; x_wconf 85' lang='lat' dir='ltr'><strong>aut</strong></span> <span class='ocrx_word' id='word_1_78' title='bbox 812 1458 977 1543; x_wconf 74' lang='lat' dir='ltr'><strong>collegium</strong></span> <span class='ocrx_word' id='word_1_79' title='bbox 999 1460 1154 1542; x_wconf 76' lang='lat' dir='ltr'><strong>publicum</strong></span> <span class='ocrx_word' id='word_1_80' title='bbox 1177 1459 1209 1522; x_wconf 92' lang='lat' dir='ltr'><strong>et</strong></span> 
     </span>
     <span class='ocr_line' id='line_1_12' title="bbox 135 1565 1208 1650; baseline -0.002 -19"><span class='ocrx_word' id='word_1_81' title='bbox 135 1565 282 1632; x_wconf 91' lang='lat' dir='ltr'><strong>ordinem</strong></span> <span class='ocrx_word' id='word_1_82' title='bbox 303 1568 410 1630; x_wconf 88' lang='lat' dir='ltr'><strong>vatum</strong></span> <span class='ocrx_word' id='word_1_83' title='bbox 432 1566 464 1629; x_wconf 91' lang='lat' dir='ltr'><strong>et</strong></span> <span class='ocrx_word' id='word_1_84' title='bbox 485 1567 687 1646; x_wconf 77' lang='lat' dir='ltr'><strong>interpretum</strong></span> <span class='ocrx_word' id='word_1_85' title='bbox 710 1568 764 1630; x_wconf 89' lang='lat' dir='ltr'><strong>aut</strong></span> <span class='ocrx_word' id='word_1_86' title='bbox 786 1566 992 1650; x_wconf 81' lang='lat' dir='ltr'><strong>congregandi</strong></span> <span class='ocrx_word' id='word_1_87' title='bbox 1014 1566 1117 1631; x_wconf 90' lang='lat' dir='ltr'><strong>looum</strong></span> <span class='ocrx_word' id='word_1_88' title='bbox 1144 1565 1208 1647; x_wconf 84' lang='lat' dir='ltr'><strong>sig-</strong></span> 
     </span>
     <span class='ocr_line' id='line_1_13' title="bbox 136 1667 1206 1759; baseline 0.002 -24"><span class='ocrx_word' id='word_1_89' title='bbox 136 1671 279 1737; x_wconf 83' lang='lat' dir='ltr'><strong>nificans.</strong></span> <span class='ocrx_word' id='word_1_90' title='bbox 327 1672 469 1736; x_wconf 78' lang='lat' dir='ltr'><strong>Fortasse</strong></span> <span class='ocrx_word' id='word_1_91' title='bbox 490 1673 639 1754; x_wconf 86' lang='lat' dir='ltr'><strong>seriptum</strong></span> <span class='ocrx_word' id='word_1_92' title='bbox 661 1672 776 1738; x_wconf 85' lang='lat' dir='ltr'><strong>luerat:</strong></span> <span class='ocrx_word' id='word_1_93' title='bbox 810 1678 843 1744; x_wconf 74' lang='grc' dir='ltr'><strong>ἐς</strong></span> <span class='ocrx_word' id='word_1_94' title='bbox 865 1672 933 1737; x_wconf 73' lang='grc' dir='ltr'><strong>τῶν</strong></span> <span class='ocrx_word' id='word_1_95' title='bbox 956 1676 1139 1759; x_wconf 75' lang='grc' dir='ltr'><em>ἐξηγητέων</em></span> <span class='ocrx_word' id='word_1_96' title='bbox 1161 1667 1206 1737; x_wconf 77' lang='lat' dir='ltr'><strong>vd</strong></span> 
     </span>
     <span class='ocr_line' id='line_1_14' title="bbox 139 1778 622 1864; baseline 0.004 -21"><span class='ocrx_word' id='word_1_97' title='bbox 139 1780 261 1852; x_wconf 80' lang='grc' dir='ltr'><em>τέλος</em></span> <span class='ocrx_word' id='word_1_98' title='bbox 282 1778 363 1842; x_wconf 79' lang='grc' dir='ltr'><strong>τῶν</strong></span> <span class='ocrx_word' id='word_1_99' title='bbox 391 1780 622 1864; x_wconf 76' lang='grc' dir='ltr'><strong>Τελμησσέων.</strong></span> 
     </span>
    </p>
   </div>
   <div class='ocr_carea' id='block_1_4' title="bbox 137 1916 1211 2853">
    <p class='ocr_par' dir='ltr' id='par_1_4' title="bbox 137 1916 1211 2853">
     <span class='ocr_line' id='line_1_15' title="bbox 242 1916 1208 2002; baseline 0.003 -20"><span class='ocrx_word' id='word_1_100' title='bbox 242 1918 319 1984; x_wconf 91' lang='lat' dir='ltr'><strong>lbid.</strong></span> <span class='ocrx_word' id='word_1_101' title='bbox 342 1918 382 1983; x_wconf 88' lang='lat'><strong>86</strong></span> <span class='ocrx_word' id='word_1_102' title='bbox 405 1920 450 1997; x_wconf 89' lang='lat' dir='ltr'><strong>(in</strong></span> <span class='ocrx_word' id='word_1_103' title='bbox 473 1919 567 1985; x_wconf 82' lang='lat' dir='ltr'><strong>Croesi</strong></span> <span class='ocrx_word' id='word_1_104' title='bbox 583 1937 655 2002; x_wconf 83' lang='lat' dir='ltr'><strong>rogo</strong></span> <span class='ocrx_word' id='word_1_105' title='bbox 672 1916 810 2001; x_wconf 85' lang='lat' dir='ltr'><strong>impositi</strong></span> <span class='ocrx_word' id='word_1_106' title='bbox 823 1917 997 1983; x_wconf 82' lang='lat' dir='ltr'><strong>narratione</strong></span> <span class='ocrx_word' id='word_1_107' title='bbox 1013 1917 1050 1984; x_wconf 92' lang='lat' dir='ltr'><strong>de</strong></span> <span class='ocrx_word' id='word_1_108' title='bbox 1067 1917 1208 1999; x_wconf 83' lang='lat' dir='ltr'><strong>Solone):</strong></span> 
     </span>
     <span class='ocr_line' id='line_1_16' title="bbox 142 2017 1207 2112; baseline 0.001 -21"><span class='ocrx_word' id='word_1_109' title='bbox 142 2028 235 2112; x_wconf 78' lang='grc' dir='ltr'><em>ἔλεγε</em></span> <span class='ocrx_word' id='word_1_110' title='bbox 263 2020 304 2111; x_wconf 75' lang='grc' dir='ltr'><em>δή</em></span> <span class='ocrx_word' id='word_1_111' title='bbox 335 2021 379 2100; x_wconf 83' lang='grc' dir='ltr'><strong>είς</strong></span> <span class='ocrx_word' id='word_1_112' title='bbox 410 2017 499 2111; x_wconf 74' lang='grc' dir='ltr'><em>ἦλθε</em></span> <span class='ocrx_word' id='word_1_113' title='bbox 527 2019 633 2112; x_wconf 79' lang='grc' dir='ltr'><em>οίρχήν</em></span> <span class='ocrx_word' id='word_1_114' title='bbox 655 2019 674 2091; x_wconf 83' lang='lat' dir='ltr'><strong>o‘</strong></span> <span class='ocrx_word' id='word_1_115' title='bbox 697 2019 814 2090; x_wconf 82' lang='grc' dir='ltr'><em>Σόλων</em></span> <span class='ocrx_word' id='word_1_116' title='bbox 837 2018 901 2090; x_wconf 66' lang='lat' dir='ltr'><strong>teir</strong></span> <span class='ocrx_word' id='word_1_117' title='bbox 925 2019 1129 2112; x_wconf 77' lang='grc' dir='ltr'><em>Ἀθηναῖος,</em></span> <span class='ocrx_word' id='word_1_118' title='bbox 1152 2026 1207 2092; x_wconf 80' lang='grc' dir='ltr'><strong>καί</strong></span> 
     </span>
     <span class='ocr_line' id='line_1_17' title="bbox 139 2125 1207 2219; baseline -0.003 -19"><span class='ocrx_word' id='word_1_119' title='bbox 139 2126 362 2218; x_wconf 69' lang='grc' dir='ltr'><strong>θεησάμενος</strong></span> <span class='ocrx_word' id='word_1_120' title='bbox 377 2125 491 2200; x_wconf 83' lang='grc' dir='ltr'><em>ποίντα</em></span> <span class='ocrx_word' id='word_1_121' title='bbox 514 2129 575 2200; x_wconf 80' lang='grc' dir='ltr'><strong>τόν</strong></span> <span class='ocrx_word' id='word_1_122' title='bbox 597 2132 722 2200; x_wconf 76' lang='grc' dir='ltr'><em>ἑαυτοῦ</em></span> <span class='ocrx_word' id='word_1_123' title='bbox 747 2127 853 2217; x_wconf 78' lang='grc' dir='ltr'><em>ὄλβον</em></span> <span class='ocrx_word' id='word_1_124' title='bbox 868 2125 1135 2219; x_wconf 79' lang='grc' dir='ltr'><em>α’ποφλααρίσειε</em></span> <span class='ocrx_word' id='word_1_125' title='bbox 1153 2128 1207 2198; x_wconf 83' lang='grc' dir='ltr'><em>σία</em></span> 
     </span>
     <span class='ocr_line' id='line_1_18' title="bbox 145 2232 1207 2328; baseline -0.002 -22"><span class='ocrx_word' id='word_1_126' title='bbox 145 2239 187 2325; x_wconf 80' lang='grc' dir='ltr'><em>δη</em></span> <span class='ocrx_word' id='word_1_127' title='bbox 220 2242 328 2314; x_wconf 79' lang='grc' dir='ltr'><em>εἴπας,</em></span> <span class='ocrx_word' id='word_1_128' title='bbox 362 2237 407 2314; x_wconf 79' lang='grc' dir='ltr'><strong>ὥς</strong></span> <span class='ocrx_word' id='word_1_129' title='bbox 438 2267 475 2306; x_wconf 81' lang='grc' dir='ltr'><strong>σε</strong></span> <span class='ocrx_word' id='word_1_130' title='bbox 509 2233 599 2326; x_wconf 77' lang='grc' dir='ltr'><em>αιίιῷ</em></span> <span class='ocrx_word' id='word_1_131' title='bbox 634 2232 746 2306; x_wconf 76' lang='grc' dir='ltr'><em>πάντα</em></span> <span class='ocrx_word' id='word_1_132' title='bbox 776 2232 974 2326; x_wconf 78' lang='grc' dir='ltr'><em>α’ποβέβηκέ</em></span> <span class='ocrx_word' id='word_1_133' title='bbox 1005 2245 1037 2306; x_wconf 86' lang='grc' dir='ltr'><strong>οἱ</strong></span> <span class='ocrx_word' id='word_1_134' title='bbox 1066 2241 1110 2328; x_wconf 78' lang='grc' dir='ltr'><strong>τῇ</strong></span> <span class='ocrx_word' id='word_1_135' title='bbox 1143 2263 1207 2325; x_wconf 79' lang='grc' dir='ltr'><strong>περ</strong></span> 
     </span>
     <span class='ocr_line' id='line_1_19' title="bbox 144 2342 1210 2431; baseline 0 -20"><span class='ocrx_word' id='word_1_136' title='bbox 144 2354 272 2421; x_wconf 73' lang='grc' dir='ltr'><em>ἐκεῖνος</em></span> <span class='ocrx_word' id='word_1_137' title='bbox 288 2345 362 2412; x_wconf 81' lang='grc' dir='ltr'><em>εἷπε</em></span> <span class='ocrx_word' id='word_1_138' title='bbox 379 2373 409 2413; x_wconf 87' lang='grc' dir='ltr'><strong>κ.</strong></span> <span class='ocrx_word' id='word_1_139' title='bbox 424 2374 453 2413; x_wconf 77' lang='lat' dir='ltr'><strong>o.</strong></span> <span class='ocrx_word' id='word_1_140' title='bbox 470 2350 497 2413; x_wconf 80' lang='lat' dir='ltr'><strong>t.</strong></span> <span class='ocrx_word' id='word_1_141' title='bbox 531 2347 660 2412; x_wconf 84' lang='lat' dir='ltr'><strong>Prorsus</strong></span> <span class='ocrx_word' id='word_1_142' title='bbox 680 2345 818 2429; x_wconf 86' lang='lat' dir='ltr'><strong>ineptum</strong></span> <span class='ocrx_word' id='word_1_143' title='bbox 842 2349 890 2412; x_wconf 88' lang='lat' dir='ltr'><strong>est</strong></span> <span class='ocrx_word' id='word_1_144' title='bbox 911 2343 965 2412; x_wconf 82' lang='grc' dir='ltr'><strong>οἷα</strong></span> <span class='ocrx_word' id='word_1_145' title='bbox 989 2342 1030 2431; x_wconf 87' lang='grc' dir='ltr'><em>δη’</em></span> <span class='ocrx_word' id='word_1_146' title='bbox 1049 2345 1210 2429; x_wconf 80' lang='lat' dir='ltr'><strong>participio</strong></span> 
     </span>
     <span class='ocr_line' id='line_1_20' title="bbox 144 2452 1210 2537; baseline 0.001 -21"><span class='ocrx_word' id='word_1_147' title='bbox 144 2452 341 2537; x_wconf 83' lang='lat' dir='ltr'><strong>praepositum</strong></span> <span class='ocrx_word' id='word_1_148' title='bbox 370 2455 510 2536; x_wconf 85' lang='lat' dir='ltr'><strong>(„utpote</strong></span> <span class='ocrx_word' id='word_1_149' title='bbox 539 2454 592 2535; x_wconf 91' lang='lat' dir='ltr'><strong>qui</strong></span> <span class='ocrx_word' id='word_1_150' title='bbox 625 2452 760 2532; x_wconf 77' lang='lat' dir='ltr'><strong>dixisset,</strong></span> <span class='ocrx_word' id='word_1_151' title='bbox 790 2453 877 2536; x_wconf 85' lang='lat' dir='ltr'><strong>quasi</strong></span> <span class='ocrx_word' id='word_1_152' title='bbox 909 2453 1078 2532; x_wconf 81' lang='lat' dir='ltr'><strong>dixisset“)‚</strong></span> <span class='ocrx_word' id='word_1_153' title='bbox 1112 2469 1210 2535; x_wconf 87' lang='lat' dir='ltr'><strong>nequo</strong></span> 
     </span>
     <span class='ocr_line' id='line_1_21' title="bbox 140 2551 1211 2644; baseline -0.002 -18"><span class='ocrx_word' id='word_1_154' title='bbox 140 2562 252 2626; x_wconf 85' lang='lat' dir='ltr'><strong>melius</strong></span> <span class='ocrx_word' id='word_1_155' title='bbox 276 2557 300 2628; x_wconf 74' lang='grc' dir='ltr'><strong>οἳ</strong></span> <span class='ocrx_word' id='word_1_156' title='bbox 322 2556 372 2644; x_wconf 78' lang='grc' dir='ltr'><em>δή.</em></span> <span class='ocrx_word' id='word_1_157' title='bbox 423 2558 640 2626; x_wconf 81' lang='lat' dir='ltr'><strong>scribendum:</strong></span> <span class='ocrx_word' id='word_1_158' title='bbox 670 2554 714 2632; x_wconf 70' lang='grc' dir='ltr'><strong>οἷς</strong></span> <span class='ocrx_word' id='word_1_159' title='bbox 736 2607 744 2626; x_wconf 99' lang='grc'><em>.</em></span> <span class='ocrx_word' id='word_1_160' title='bbox 768 2606 775 2620; x_wconf 91' lang='grc'><em>.</em></span> <span class='ocrx_word' id='word_1_161' title='bbox 799 2604 807 2623; x_wconf 92' lang='grc'><em>.</em></span> <span class='ocrx_word' id='word_1_162' title='bbox 832 2608 840 2625; x_wconf 92' lang='grc'><em>.</em></span> <span class='ocrx_word' id='word_1_163' title='bbox 863 2551 977 2625; x_wconf 76' lang='grc' dir='ltr'><em>πάντα</em></span> <span class='ocrx_word' id='word_1_164' title='bbox 1001 2553 1063 2627; x_wconf 79' lang='grc' dir='ltr'><strong>σδν</strong></span> <span class='ocrx_word' id='word_1_165' title='bbox 1084 2558 1211 2625; x_wconf 81' lang='grc' dir='ltr'><em>ἑωυτοῦ</em></span> 
     </span>
     <span class='ocr_line' id='line_1_22' title="bbox 137 2659 1211 2752; baseline -0.006 -18"><span class='ocrx_word' id='word_1_166' title='bbox 137 2664 249 2752; x_wconf 73' lang='grc' dir='ltr'><em>ὄλβον</em></span> <span class='ocrx_word' id='word_1_167' title='bbox 264 2664 544 2752; x_wconf 81' lang='grc' dir='ltr'><em>σίποφλααρίσειε,</em></span> <span class='ocrx_word' id='word_1_168' title='bbox 561 2662 613 2730; x_wconf 81' lang='grc' dir='ltr'><em>οἶοί</em></span> <span class='ocrx_word' id='word_1_169' title='bbox 631 2690 674 2730; x_wconf 78' lang='grc' dir='ltr'><strong>σε</strong></span> <span class='ocrx_word' id='word_1_170' title='bbox 697 2667 808 2739; x_wconf 81' lang='grc' dir='ltr'><em>εἴπας,</em></span> <span class='ocrx_word' id='word_1_171' title='bbox 825 2659 868 2738; x_wconf 78' lang='grc' dir='ltr'><strong>ὤς</strong></span> <span class='ocrx_word' id='word_1_172' title='bbox 883 2691 920 2731; x_wconf 82' lang='grc' dir='ltr'><strong>σε</strong></span> <span class='ocrx_word' id='word_1_173' title='bbox 937 2691 965 2730; x_wconf 88' lang='grc' dir='ltr'><strong>ιι.</strong></span> <span class='ocrx_word' id='word_1_174' title='bbox 978 2692 1006 2732; x_wconf 80' lang='grc' dir='ltr'><strong>τ.</strong></span> <span class='ocrx_word' id='word_1_175' title='bbox 1023 2668 1065 2742; x_wconf 64' lang='grc' dir='ltr'><strong>λ..</strong></span> <span class='ocrx_word' id='word_1_176' title='bbox 1083 2683 1211 2748; x_wconf 80' lang='lat' dir='ltr'><strong>„quem-</strong></span> 
     </span>
     <span class='ocr_line' id='line_1_23' title="bbox 143 2769 896 2853; baseline -0.003 -15"><span class='ocrx_word' id='word_1_177' title='bbox 143 2773 310 2838; x_wconf 88' lang='lat' dir='ltr'><strong>admodum</strong></span> <span class='ocrx_word' id='word_1_178' title='bbox 333 2769 568 2853; x_wconf 85' lang='lat' dir='ltr'><strong>ooutempsisset</strong></span> <span class='ocrx_word' id='word_1_179' title='bbox 590 2788 709 2853; x_wconf 88' lang='lat' dir='ltr'><strong>quaque</strong></span> <span class='ocrx_word' id='word_1_180' title='bbox 730 2769 896 2836; x_wconf 85' lang='lat' dir='ltr'><strong>oratione“.</strong></span> 
     </span>
    </p>
   </div>
   <div class='ocr_carea' id='block_1_5' title="bbox 137 2901 1209 4168">
    <p class='ocr_par' dir='ltr' id='par_1_5' title="bbox 137 2901 1209 4168">
     <span class='ocr_line' id='line_1_24' title="bbox 247 2901 1209 3004; baseline 0.002 -30"><span class='ocrx_word' id='word_1_181' title='bbox 247 2909 326 2980; x_wconf 87' lang='lat' dir='ltr'><strong>lbid.</strong></span> <span class='ocrx_word' id='word_1_182' title='bbox 342 2910 401 2972; x_wconf 78' lang='lat'><strong>132</strong></span> <span class='ocrx_word' id='word_1_183' title='bbox 417 2908 469 2986; x_wconf 79' lang='lat' dir='ltr'><strong>(de</strong></span> <span class='ocrx_word' id='word_1_184' title='bbox 484 2908 547 2974; x_wconf 92' lang='lat' dir='ltr'><strong>ritu</strong></span> <span class='ocrx_word' id='word_1_185' title='bbox 558 2910 752 3004; x_wconf 76' lang='lat' dir='ltr'><strong>sacrificandi</strong></span> <span class='ocrx_word' id='word_1_186' title='bbox 767 2910 850 2994; x_wconf 84' lang='lat' dir='ltr'><strong>apud</strong></span> <span class='ocrx_word' id='word_1_187' title='bbox 865 2911 1004 2989; x_wconf 78' lang='lat' dir='ltr'><strong>Persaslr</strong></span> <span class='ocrx_word' id='word_1_188' title='bbox 1028 2901 1209 2986; x_wconf 71' lang='grc' dir='ltr'><em>διαθέντος</em></span> 
     </span>
     <span class='ocr_line' id='line_1_25' title="bbox 139 3008 1207 3104; baseline 0.003 -23"><span class='ocrx_word' id='word_1_189' title='bbox 139 3017 179 3082; x_wconf 49' lang='grc' dir='ltr'><em>,δὲ</em></span> <span class='ocrx_word' id='word_1_190' title='bbox 202 3012 318 3082; x_wconf 80' lang='grc' dir='ltr'><em>-αιίσοῦ</em></span> <span class='ocrx_word' id='word_1_191' title='bbox 351 3011 401 3093; x_wconf 76' lang='grc' dir='ltr'><strong>(δε</strong></span> <span class='ocrx_word' id='word_1_192' title='bbox 432 3008 526 3095; x_wconf 72' lang='grc' dir='ltr'><em>θύει)</em></span> <span class='ocrx_word' id='word_1_193' title='bbox 557 3009 680 3104; x_wconf 77' lang='grc' dir='ltr'><em>Μοίηος</em></span> <span class='ocrx_word' id='word_1_194' title='bbox 711 3011 798 3104; x_wconf 78' lang='grc' dir='ltr'><em>σίνηρ</em></span> <span class='ocrx_word' id='word_1_195' title='bbox 832 3014 1025 3104; x_wconf 75' lang='grc' dir='ltr'><em>παρεσσεοίς</em></span> <span class='ocrx_word' id='word_1_196' title='bbox 1058 3019 1207 3084; x_wconf 79' lang='grc' dir='ltr'><em>ἐπαείδει</em></span> 
     </span>
     <span class='ocr_line' id='line_1_26' title="bbox 145 3118 1208 3212; baseline 0.003 -24"><span class='ocrx_word' id='word_1_197' title='bbox 145 3125 343 3211; x_wconf 73' lang='grc' dir='ltr'><em>θεογονίην,</em></span> <span class='ocrx_word' id='word_1_198' title='bbox 367 3130 443 3210; x_wconf 84' lang='grc' dir='ltr'><em>οἵην</em></span> <span class='ocrx_word' id='word_1_199' title='bbox 466 3118 508 3209; x_wconf 76' lang='grc' dir='ltr'><em>δή</em></span> <span class='ocrx_word' id='word_1_200' title='bbox 533 3129 653 3191; x_wconf 79' lang='grc' dir='ltr'><em>ἐκεῖνοι</em></span> <span class='ocrx_word' id='word_1_201' title='bbox 677 3126 808 3212; x_wconf 75' lang='grc' dir='ltr'><em>λέγουσι</em></span> <span class='ocrx_word' id='word_1_202' title='bbox 832 3126 919 3192; x_wconf 83' lang='grc' dir='ltr'><em>εἶναι</em></span> <span class='ocrx_word' id='word_1_203' title='bbox 942 3122 1006 3208; x_wconf 76' lang='grc' dir='ltr'><strong>τηίι</strong></span> <span class='ocrx_word' id='word_1_204' title='bbox 1032 3119 1208 3209; x_wconf 81' lang='grc' dir='ltr'><em>ἐπαοιδήν.</em></span> 
     </span>
     <span class='ocr_line' id='line_1_27' title="bbox 145 3231 1209 3317; baseline 0.001 -21"><span class='ocrx_word' id='word_1_205' title='bbox 145 3233 214 3296; x_wconf 91' lang='lat' dir='ltr'><strong>lure</strong></span> <span class='ocrx_word' id='word_1_206' title='bbox 247 3231 315 3315; x_wconf 86' lang='lat' dir='ltr'><strong>quis</strong></span> <span class='ocrx_word' id='word_1_207' title='bbox 346 3231 491 3308; x_wconf 83' lang='lat' dir='ltr'><strong>miretur,</strong></span> <span class='ocrx_word' id='word_1_208' title='bbox 532 3249 586 3295; x_wconf 88' lang='lat' dir='ltr'><strong>eur</strong></span> <span class='ocrx_word' id='word_1_209' title='bbox 618 3232 649 3296; x_wconf 93' lang='lat' dir='ltr'><strong>in</strong></span> <span class='ocrx_word' id='word_1_210' title='bbox 682 3231 815 3317; x_wconf 84' lang='lat' dir='ltr'><strong>singulis</strong></span> <span class='ocrx_word' id='word_1_211' title='bbox 851 3231 1009 3299; x_wconf 83' lang='lat' dir='ltr'><strong>sacrifieiis</strong></span> <span class='ocrx_word' id='word_1_212' title='bbox 1041 3231 1209 3317; x_wconf 77' lang='grc' dir='ltr'><em>δεσγονιά</em></span> 
     </span>
     <span class='ocr_line' id='line_1_28' title="bbox 137 3338 1207 3430; baseline 0 -27"><span class='ocrx_word' id='word_1_213' title='bbox 137 3338 338 3412; x_wconf 71' lang='lat' dir='ltr'><strong>decantetur,</strong></span> <span class='ocrx_word' id='word_1_214' title='bbox 381 3356 450 3402; x_wconf 90' lang='lat' dir='ltr'><strong>oum</strong></span> <span class='ocrx_word' id='word_1_215' title='bbox 492 3338 661 3420; x_wconf 86' lang='lat' dir='ltr'><strong>praesertim</strong></span> <span class='ocrx_word' id='word_1_216' title='bbox 698 3339 778 3419; x_wconf 82' lang='lat' dir='ltr'><strong>apud</strong></span> <span class='ocrx_word' id='word_1_217' title='bbox 812 3338 921 3430; x_wconf 83' lang='lat' dir='ltr'><strong>Persas</strong></span> <span class='ocrx_word' id='word_1_218' title='bbox 962 3338 1047 3404; x_wconf 89' lang='lat' dir='ltr'><strong>nulla</strong></span> <span class='ocrx_word' id='word_1_219' title='bbox 1082 3338 1207 3404; x_wconf 92' lang='lat' dir='ltr'><strong>omnino</strong></span> 
     </span>
     <span class='ocr_line' id='line_1_29' title="bbox 143 3442 1207 3530; baseline 0.001 -21"><span class='ocrx_word' id='word_1_220' title='bbox 143 3446 244 3519; x_wconf 88' lang='lat' dir='ltr'><strong>suerit,</strong></span> <span class='ocrx_word' id='word_1_221' title='bbox 267 3445 392 3528; x_wconf 88' lang='lat' dir='ltr'><strong>qualem</strong></span> <span class='ocrx_word' id='word_1_222' title='bbox 407 3442 506 3508; x_wconf 84' lang='lat' dir='ltr'><strong>Graeoi</strong></span> <span class='ocrx_word' id='word_1_223' title='bbox 528 3443 746 3525; x_wconf 87' lang='lat' dir='ltr'><strong>intelligebant</strong></span> <span class='ocrx_word' id='word_1_224' title='bbox 761 3444 792 3507; x_wconf 89' lang='lat' dir='ltr'><strong>et</strong></span> <span class='ocrx_word' id='word_1_225' title='bbox 806 3444 1014 3530; x_wconf 82' lang='lat' dir='ltr'><strong>appellabant,</strong></span> <span class='ocrx_word' id='word_1_226' title='bbox 1030 3444 1207 3530; x_wconf 70' lang='grc' dir='ltr'><em>δεοηονδα.</em></span> 
     </span>
     <span class='ocr_line' id='line_1_30' title="bbox 144 3535 1207 3633; baseline -0.001 -17"><span class='ocrx_word' id='word_1_227' title='bbox 144 3551 205 3617; x_wconf 89' lang='lat' dir='ltr'><strong>Sed</strong></span> <span class='ocrx_word' id='word_1_228' title='bbox 225 3549 420 3617; x_wconf 84' lang='lat' dir='ltr'><strong>manifestius</strong></span> <span class='ocrx_word' id='word_1_229' title='bbox 442 3549 588 3614; x_wconf 91' lang='lat' dir='ltr'><strong>mendum</strong></span> <span class='ocrx_word' id='word_1_230' title='bbox 609 3535 781 3631; x_wconf 77' lang='lat' dir='ltr'><strong>coarguunt</strong></span> <span class='ocrx_word' id='word_1_231' title='bbox 803 3567 847 3628; x_wconf 81' lang='lat' dir='ltr'><strong>ea,</strong></span> <span class='ocrx_word' id='word_1_232' title='bbox 870 3569 938 3632; x_wconf 86' lang='lat' dir='ltr'><strong>quae</strong></span> <span class='ocrx_word' id='word_1_233' title='bbox 954 3554 1123 3633; x_wconf 88' lang='lat' dir='ltr'><strong>sequuntur</strong></span> <span class='ocrx_word' id='word_1_234' title='bbox 1136 3547 1207 3615; x_wconf 91' lang='lat' dir='ltr'><strong>inde</strong></span> 
     </span>
     <span class='ocr_line' id='line_1_31' title="bbox 138 3652 1208 3743; baseline -0.003 -20"><span class='ocrx_word' id='word_1_235' title='bbox 138 3658 182 3724; x_wconf 87' lang='lat' dir='ltr'><strong>ab</strong></span> <span class='ocrx_word' id='word_1_236' title='bbox 204 3664 282 3743; x_wconf 85' lang='grc' dir='ltr'><em>οἵην</em></span> <span class='ocrx_word' id='word_1_237' title='bbox 303 3652 354 3742; x_wconf 79' lang='grc' dir='ltr'><strong>δή,</strong></span> <span class='ocrx_word' id='word_1_238' title='bbox 379 3675 446 3739; x_wconf 84' lang='lat' dir='ltr'><strong>quae</strong></span> <span class='ocrx_word' id='word_1_239' title='bbox 468 3655 562 3720; x_wconf 84' lang='lat' dir='ltr'><strong>rerba</strong></span> <span class='ocrx_word' id='word_1_240' title='bbox 583 3652 777 3736; x_wconf 88' lang='lat' dir='ltr'><strong>apertissime</strong></span> <span class='ocrx_word' id='word_1_241' title='bbox 799 3655 974 3738; x_wconf 85' lang='lat' dir='ltr'><strong>signifioant</strong></span> <span class='ocrx_word' id='word_1_242' title='bbox 995 3657 1088 3722; x_wconf 82' lang='lat' dir='ltr'><strong>saeris</strong></span> <span class='ocrx_word' id='word_1_243' title='bbox 1110 3657 1208 3722; x_wconf 81' lang='lat' dir='ltr'><strong>aerini</strong></span> 
     </span>
     <span class='ocr_line' id='line_1_32' title="bbox 140 3758 1209 3851; baseline -0.006 -20"><span class='ocrx_word' id='word_1_244' title='bbox 140 3759 289 3851; x_wconf 74' lang='grc' dir='ltr'><strong>Ιἐπῳδήν,</strong></span> <span class='ocrx_word' id='word_1_245' title='bbox 313 3765 412 3848; x_wconf 89' lang='lat' dir='ltr'><strong>qualis</strong></span> <span class='ocrx_word' id='word_1_246' title='bbox 434 3763 561 3846; x_wconf 85' lang='lat' dir='ltr'><strong>quidem</strong></span> <span class='ocrx_word' id='word_1_247' title='bbox 583 3762 664 3843; x_wconf 85' lang='lat' dir='ltr'><strong>apud</strong></span> <span class='ocrx_word' id='word_1_248' title='bbox 690 3761 798 3848; x_wconf 89' lang='lat' dir='ltr'><strong>Persas</strong></span> <span class='ocrx_word' id='word_1_249' title='bbox 820 3764 852 3826; x_wconf 91' lang='lat' dir='ltr'><strong>in</strong></span> <span class='ocrx_word' id='word_1_250' title='bbox 874 3781 932 3827; x_wconf 88' lang='lat' dir='ltr'><strong>usu</strong></span> <span class='ocrx_word' id='word_1_251' title='bbox 954 3761 1006 3834; x_wconf 89' lang='lat' dir='ltr'><strong>sit,</strong></span> <span class='ocrx_word' id='word_1_252' title='bbox 1020 3758 1066 3824; x_wconf 90' lang='lat' dir='ltr'><strong>ita</strong></span> <span class='ocrx_word' id='word_1_253' title='bbox 1081 3765 1116 3825; x_wconf 88' lang='lat' dir='ltr'><strong>ut</strong></span> <span class='ocrx_word' id='word_1_254' title='bbox 1131 3759 1209 3825; x_wconf 92' lang='lat' dir='ltr'><strong>nihil</strong></span> 
     </span>
     <span class='ocr_line' id='line_1_33' title="bbox 143 3866 1207 3950; baseline -0.004 -12"><span class='ocrx_word' id='word_1_255' title='bbox 143 3872 317 3938; x_wconf 88' lang='lat' dir='ltr'><strong>Herodotus</strong></span> <span class='ocrx_word' id='word_1_256' title='bbox 340 3873 377 3936; x_wconf 91' lang='lat' dir='ltr'><strong>de</strong></span> <span class='ocrx_word' id='word_1_257' title='bbox 400 3872 465 3936; x_wconf 93' lang='lat' dir='ltr'><strong>eius</strong></span> <span class='ocrx_word' id='word_1_258' title='bbox 486 3867 618 3933; x_wconf 83' lang='lat' dir='ltr'><strong>formula</strong></span> <span class='ocrx_word' id='word_1_259' title='bbox 639 3868 694 3932; x_wconf 88' lang='lat' dir='ltr'><strong>aut</strong></span> <span class='ocrx_word' id='word_1_260' title='bbox 714 3868 897 3950; x_wconf 80' lang='lat' dir='ltr'><strong>argumento</strong></span> <span class='ocrx_word' id='word_1_261' title='bbox 920 3866 1067 3941; x_wconf 87' lang='lat' dir='ltr'><strong>affirmet;</strong></span> <span class='ocrx_word' id='word_1_262' title='bbox 1101 3867 1207 3950; x_wconf 87' lang='lat' dir='ltr'><strong>itaquo</strong></span> 
     </span>
     <span class='ocr_line' id='line_1_34' title="bbox 141 3967 1205 4060; baseline -0.006 -16"><span class='ocrx_word' id='word_1_263' title='bbox 141 3978 319 4044; x_wconf 78' lang='lat' dir='ltr'><strong>Herodotus</strong></span> <span class='ocrx_word' id='word_1_264' title='bbox 343 3977 523 4059; x_wconf 74' lang='lat' dir='ltr'><strong>scripserat:</strong></span> <span class='ocrx_word' id='word_1_265' title='bbox 561 3968 679 4060; x_wconf 70' lang='grc' dir='ltr'><em>Μάγος</em></span> <span class='ocrx_word' id='word_1_266' title='bbox 711 3967 798 4059; x_wconf 79' lang='grc' dir='ltr'><em>οίνήρ</em></span> <span class='ocrx_word' id='word_1_267' title='bbox 832 3967 1026 4057; x_wconf 79' lang='grc' dir='ltr'><em>παρεστεαίς</em></span> <span class='ocrx_word' id='word_1_268' title='bbox 1055 3973 1205 4040; x_wconf 81' lang='grc' dir='ltr'><em>ἐπαείδει</em></span> 
     </span>
     <span class='ocr_line' id='line_1_35' title="bbox 139 4073 1206 4168; baseline -0.005 -18"><span class='ocrx_word' id='word_1_269' title='bbox 139 4093 290 4158; x_wconf 62' lang='lat' dir='ltr'><strong>doale,</strong></span> <span class='ocrx_word' id='word_1_270' title='bbox 324 4091 401 4168; x_wconf 88' lang='grc' dir='ltr'><em>οἵην</em></span> <span class='ocrx_word' id='word_1_271' title='bbox 433 4080 474 4166; x_wconf 79' lang='grc' dir='ltr'><em>δή</em></span> <span class='ocrx_word' id='word_1_272' title='bbox 509 4088 628 4148; x_wconf 78' lang='grc' dir='ltr'><em>ἐκεῖνοι</em></span> <span class='ocrx_word' id='word_1_273' title='bbox 664 4084 795 4167; x_wconf 74' lang='grc' dir='ltr'><em>λέγουσι</em></span> <span class='ocrx_word' id='word_1_274' title='bbox 826 4081 913 4148; x_wconf 78' lang='grc' dir='ltr'><em>εἶναι</em></span> <span class='ocrx_word' id='word_1_275' title='bbox 943 4073 1007 4164; x_wconf 79' lang='grc' dir='ltr'><strong>τήν</strong></span> <span class='ocrx_word' id='word_1_276' title='bbox 1029 4075 1206 4165; x_wconf 79' lang='grc' dir='ltr'><em>ἐπαοιδήν.</em></span> 
     </span>
    </p>
   </div>
   <div class='ocr_carea' id='block_1_6' title="bbox 0 0 1492 4660">
    <p class='ocr_par' dir='ltr' id='par_1_6' title="bbox 0 0 1492 4660">
     <span class='ocr_line' id='line_1_36' title="bbox 0 0 1492 4660; baseline 0 1"><span class='ocrx_word' id='word_1_277' title='bbox 0 0 1492 4660; x_wconf 95' lang='lat' dir='ltr'><strong> </strong></span> 
     </span>
    </p>
   </div>
  </div>
 </body>
</html>
