3012 4652
285 315 344 378 m
642 315 912 386 mmmm

342 518 422 585 Ibid.
447 521 548 599 lon:
571 518 687 584 Sicut
707 523 753 585 ἐν
773 529 867 590 τοῖς
889 522 1115 601 ἐρωτικοῖς
1136 516 1311 582 alienant

241 624 900 708 immundae,insulsae,indecora,
917 623 976 690 sic
997 643 1054 688 me
1076 620 1195 687 illins
1214 620 1311 706 fugae

242 733 595 818 negligentiaque
617 732 858 799 deformitas
878 730 1031 797 avertit
1046 730 1237 797 abamore
1252 728 1310 793 cet.

241 840 343 907 Certis
369 839 494 906 indiciis
522 839 670 905 mendum
697 838 749 905 hio
770 837 956 923 coarguitur.
1009 835 1092 902 Nam
1114 854 1213 919 neque
1237 836 1311 919 ipsae

246 947 368 1014 feminas
388 949 472 1014 recte
496 947 628 1012 alienare
650 948 802 1012 amatores
822 946 976 1020 dicuntur,
998 960 1075 1028 quos
1096 964 1157 1010 nou
1171 942 1312 1009 alliciunt

244 1074 301 1121 nec
322 1055 437 1132 tenent,
461 1056 494 1119 et
515 1053 706 1119 desideratur
723 1054 885 1138 aequalitas
899 1051 1148 1137 comparationis,
1164 1051 1311 1134 quoniam

243 1160 275 1226 in
299 1162 397 1228 altero
420 1163 559 1228 membro
581 1180 641 1227 nou
663 1160 828 1243 Pompeius
856 1161 922 1244 ipse
943 1159 1118 1227 Ciceronem
1140 1177 1160 1223 a
1180 1177 1213 1223 se
1236 1158 1311 1223 alie·

243 1287 316 1334 nare
345 1269 467 1349 dicitur,
500 1269 556 1334 sed
579 1268 651 1343 ,eius
674 1270 743 1334 acta
764 1266 943 1333 Ciceronem
965 1268 1004 1334 ab
1026 1284 1128 1333 amore
1150 1267 1311 1331 deterrere.

241 1374 308 1440 Iam
331 1375 362 1439 in
385 1374 420 1439 M
441 1394 501 1441 non
523 1375 706 1440 alienant
727 1375 882 1455 scribitur,
912 1375 967 1442 sed
988 1375 1049 1441 sic:
1077 1373 1312 1439 alienantur

243 1482 445 1548 immunde
465 1481 618 1547 insulis
639 1481 743 1548 unde
766 1483 907 1549 decore
927 1481 980 1546 fit
1001 1483 1069 1547 sic.
1099 1480 1180 1545 Hinc
1193 1479 1311 1563 prodit:

243 1589 359 1655 Sicut
391 1635 399 1652 .
424 1635 463 1652 ..
503 1588 692 1670 alienemur,
715 1588 785 1671 <si
806 1592 927 1668 (cumr)
953 1587 1072 1674 quid>
1096 1587 1310 1663 immunde,

243 1697 417 1777 insulse,
440 1696 630 1762 indecore
652 1695 719 1774 fit,
736 1698 794 1762 sic
815 1714 873 1762 me
893 1696 1085 1762 illinscet.
1121 1695 1239 1774 lnfra§
1259 1694 1311 1758 ee

244 1791 385 1871 codicum
400 1803 558 1888 vestigiis:
574 1803 684 1884 Quod
703 1803 848 1888 quaeris
863 1824 882 1870 a
897 1823 970 1883 me,
986 1803 1172 1888 fugamne
1187 1802 1311 1866 fidam

243 1933 291 1979 an
312 1931 458 1979 moram
482 1912 690 1994 defendam
712 1911 927 1977 utiliorem
951 1910 1085 1993 putem
1116 1928 1176 1975 nou
1198 1911 1310 1992 impro-

242 2019 388 2086 babiliter
411 2019 558 2085 efficitur:
581 2021 767 2103 fugamne
781 2018 915 2086 infidam
930 2037 976 2084 au
997 2037 1027 2082 m
1038 2036 1143 2083 oram
1158 2014 1311 2083 offensam

243 2127 453 2193 utiliorem
480 2128 623 2210 putem.
677 2125 719 2191 Et
750 2127 825 2210 fuga
858 2128 890 2191 et
922 2145 1007 2192 mora
1039 2124 1157 2208 aliquid
1189 2123 1310 2189 molesti

245 2234 423 2300 adiunctum
446 2233 548 2310 hebet,
571 2250 657 2297 mora
680 2251 715 2298 ex
737 2231 902 2298 offensione
917 2232 1067 2315 Pompeii.
1102 2230 1309 2297 Offensum

243 2341 420 2408 Ciceronem
442 2339 607 2424 aliquoties
630 2337 752 2418 dixisse,
769 2339 850 2423 quod
866 2339 1001 2405 offendat
1016 2340 1049 2403 et
1063 2337 1133 2404 odio
1149 2339 1199 2418 sit,
1217 2338 1314 2418 lerina

242 2449 418 2515 ostendunt.

343 2556 422 2623 Ibid.
446 2557 495 2634 ll,
518 2557 554 2620 3:
578 2554 716 2620 Pridie
738 2554 870 2619 autem
892 2553 995 2635 apud
1016 2571 1073 2618 me
1096 2553 1310 2635 Crassipes

242 2665 393 2743 fuerat,
429 2663 496 2748 qui
530 2682 569 2728 se
601 2661 736 2744 pridie
769 2660 861 2726 Non.
892 2659 1064 2725 Martias
1092 2659 1313 2725 Brundisio

242 2772 472 2854 profectum
494 2774 615 2854 atque
640 2769 697 2834 ibi
713 2768 942 2850 Pompeium
963 2767 1187 2857 reliquisse
1210 2766 1312 2831 dice-

243 2878 327 2956 bet,
351 2878 453 2962 quod
476 2879 612 2956 etiarn,
636 2877 703 2960 qui
726 2876 832 2941 VllI.
877 2862 1115 2942 Idns‘illinc
1136 2873 1313 2958 profecti

246 2989 376 3063 erant,
400 2985 662 3062 nuntiabunt3
694 2983 770 3049 illa
799 3000 891 3048 vero
920 3001 1071 3059 omnes,
1104 2979 1311 3064 inquibus

246 3091 368 3158 etiam
392 3091 624 3174 Crassipes,
658 3089 725 3174 qui
758 3090 976 3172 prudentia
1009 3087 1144 3171 potius
1176 3088 1312 3153 atten-

246 3199 356 3279 dere,
379 3215 582 3264 sermones
604 3199 791 3274 minacis,
820 3196 1008 3262 inimicos
1037 3195 1311 3277 optimatium,

244 3305 555 3389 municipiorum
597 3305 747 3382 hostis,
796 3323 923 3370 meras
966 3303 1311 3387 proscriptiones,

245 3431 373 3479 meros
398 3413 535 3478 Sullas
557 3413 615 3478 cet.
658 3411 726 3477 Non
745 3412 822 3495 puto
837 3410 993 3493 desperari
1008 3409 1151 3475 debuisse
1167 3407 1205 3474 de
1220 3408 1311 3472 huius

245 3517 307 3585 loci
329 3520 532 3586 restitutione.
587 3518 666 3584 Nam
701 3520 732 3584 et
764 3519 840 3584 satis
871 3516 982 3582 leniter
1008 3517 1040 3580 et
1067 3516 1104 3581 ad
1128 3517 1311 3582 sententiam

243 3630 371 3712 perapte
394 3627 460 3693 haec
483 3626 673 3692 efficiuntur:
705 3625 783 3690 illa
814 3643 905 3690 vero
934 3641 1067 3688 omnes
1090 3621 1313 3702 (nuntiabant),

244 3733 282 3799 in
306 3733 452 3818 quibus
473 3732 840 3816 etiamCrassipes,
859 3730 1312 3817 qni<pro>prudentia

243 3906 477 3916 m*—

345 4011 378 4061 et
405 4003 531 4075 Oppius
559 4021 580 4062 s,
600 4007 625 4060 d.
648 4005 686 4060 M.
708 4003 863 4062 Ciceroni
881 4003 953 4074 imp.
973 4005 1095 4071 <Etsi,
1123 4003 1160 4058 M.
1180 4002 1311 4071 Cicero,

263 4167 266 4174 Ι
344 4098 527 4166 videmus>
546 4116 611 4157 non
629 4098 723 4156 modo
742 4097 906 4154 hominum
1005 4115 1022 4154 a
1039 4096 1214 4168 plerisque
1236 4111 1312 4167 pro-

344 4191 429 4261 bari,
448 4197 557 4248 tamen
575 4198 626 4249 cet.
663 4193 705 4248 De
724 4192 837 4262 singulis
856 4192 924 4246 nihil
943 4191 1073 4248 affirmari
1091 4196 1193 4263 potest.
