3012 4652
293 257 353 320 m
656 255 910 327 mmmm

251 457 282 520 in
305 455 425 538 epilogo
447 453 584 521 dixisset.
635 455 763 521 Prorsus
785 454 921 537 suspicor
942 452 1118 520 Ciceronem
1144 453 1188 518 sic
1218 452 1317 535 scrip·

252 563 344 634 sisse:
367 561 446 627 Hoc
466 561 541 626 ille
563 564 697 638 natus,
720 559 901 645 quamvis
922 563 1076 646 patrem
1095 579 1317 626 suumnum·

251 688 364 752 quam
386 667 522 745 videret,
545 668 676 732 tamen
699 714 707 728 .
731 713 738 729 .
762 714 770 730 .
794 713 801 729 .
825 668 863 732 in
886 670 1061 751 paternae
1087 665 1181 731 vitae
1202 665 1316 732 simi·

251 775 473 841 litndinem
496 774 694 841 deductus
717 775 803 840 esset
824 774 917 856 (quod
940 774 1054 839 lactum
1079 776 1135 849 est,
1158 772 1190 839 id
1202 772 1318 849 Cicero,

251 879 371 947 etiamsi
396 881 538 948 Rabirius
568 883 685 963 patrem
716 880 818 962 ipsum
846 884 917 948 ante
939 879 1042 948 oculos
1065 899 1123 946 non
1146 878 1316 956 habuisset,

250 995 354 1056 tamen
377 989 511 1054 futurum
532 989 626 1052 fnisse
643 987 740 1064 dicit).
785 986 956 1053 Videret
977 987 1156 1070 imperfecto
1178 991 1318 1068 tempore

252 1116 305 1180 pro
332 1096 510 1163 vidisset
540 1093 643 1177 posuit
670 1097 739 1159 noto
766 1112 833 1166 usu.
863 1095 900 1159 de
923 1113 982 1177 quo
1005 1094 1066 1160 dixi
1089 1093 1227 1159 Gmmm.
1252 1092 1317 1156 Lat.

252 1207 271 1284 ξ
293 1203 354 1265 347
377 1203 397 1268 b
419 1205 480 1266 not.
504 1202 532 1262 2.
585 1201 717 1286 Vulgata
745 1200 897 1283 seriptum
918 1205 986 1268 orta
1007 1201 1128 1266 videtur
1150 1217 1185 1264 eo
1208 1215 1320 1272 errore,

252 1309 332 1391 quod
355 1307 493 1373 Postumi
515 1325 682 1392 cognomen
705 1304 773 1372 sine
796 1305 887 1382 dubio
910 1328 928 1374 a
946 1308 1113 1374 maioribus
1129 1304 1193 1372 eius
1208 1305 1319 1390 gentis,

252 1416 284 1480 in
319 1434 411 1498 quam
441 1414 585 1492 Rabirius
612 1411 775 1496 adoptione
803 1413 1128 1497 transiit,·aoceptnm
1158 1412 1232 1478 hnic
1262 1411 1320 1495 ipsi

252 1523 376 1590 Rabirio
399 1540 435 1588 ox
457 1539 489 1585 re
509 1519 688 1605 impositum
710 1523 903 1604 putaverunt.

352 1686 430 1752 lbid.
454 1686 511 1749 21:
535 1684 627 1750 Sive
648 1684 737 1762 ille,
761 1689 802 1751 ut
823 1685 909 1770 ipse
932 1686 1111 1765 dicebat,
1133 1686 1321 1771 gloriam,

254 1792 364 1871 sive,·
389 1795 432 1858 ut
465 1794 506 1857 tn
538 1793 615 1869 vis,
649 1792 856 1874 pecuniam
890 1793 1098 1876 qnaesivit,
1135 1794 1213 1859 sibi
1246 1813 1321 1858 non

253 1899 418 1966 Gabinii
457 1918 588 1965 comes
626 1899 686 1964 vel
719 1901 904 1967 ,sectator
944 1918 1014 1965 neo
1058 1900 1104 1964 ad
1139 1900 1321 1976 Gabinii,

254 2006 368 2072 cuius
389 2004 427 2071 id
449 2005 657 2090 negotium
687 2024 761 2071 non
792 2010 893 2086 erat,
925 2005 994 2071 sed
1016 2007 1062 2071 ad
1085 2008 1118 2071 P.
1143 2007 1321 2080 Lentuli,

253 2110 483 2178 clarissimi
511 2113 605 2188 viri,
635 2111 925 2178 anctoritatem
950 2133 968 2178 a
990 2116 1130 2179 senatu
1162 2115 1319 2197 profec-

207 2217 210 2224 '
253 2224 333 2284 tam
365 2220 403 2282 et
436 2217 611 2284 consilio
643 2221 752 2285 certo
786 2221 825 2284 et
856 2237 924 2303 spe
959 2239 1031 2284 non
1060 2219 1321 2287 dnbiaRoma

255 2325 532 2391 contenderat.
587 2325 612 2388 R
659 2325 800 2391 lacunam
830 2327 879 2390 hic
901 2343 967 2391 esse
996 2326 1194 2393 manifestum
1219 2328 1267 2392 cst
1288 2330 1321 2390 eb

253 2435 285 2498 in
308 2433 357 2506 iis,
380 2451 447 2516 qnae
469 2431 700 2510 interciderunt,
723 2431 891 2499 orationem
915 2451 933 2496 a
955 2431 1085 2497 Gabinio
1103 2434 1142 2498 ad
1157 2433 1315 2499 Rabirium

253 2539 409 2605 transisse.
473 2539 582 2622 ltaque
615 2558 651 2605 ea
683 2541 864 2605 brevissime
899 2542 930 2604 et
965 2542 1046 2605 recte
1083 2540 1128 2606 sic
1165 2538 1319 2622 expletur:

252 2647 343 2714 Sive
379 2646 453 2711 ille
484 2692 524 2708 ..
562 2646 750 2730 gloriam,
784 2648 869 2711 sive
902 2693 941 2708 ..
976 2649 1181 2730 pecuniam
1216 2665 1318 2730 quae·

255 2753 370 2830 sivit,
387 2753 480 2831 sibi,
496 2756 601 2835 <riou
619 2752 750 2819 Rabirio
766 2753 927 2839 quasivit3
943 2751 1094 2820 Rabirius
1110 2753 1236 2836 enin>
1251 2773 1320 2818 non

255 2859 421 2926 Gabinii
444 2879 573 2925 comes
592 2861 650 2924 cet.
694 2859 787 2923 Error
809 2858 904 2944 igitur
926 2861 1012 2924 ortus
1035 2863 1083 2925 est
1097 2859 1216 2926 librarii
1231 2860 1318 2927 oculo

254 2967 394 3048 apriore
416 2984 490 3030 non
514 2965 551 3029 ad
577 2966 707 3029 alterum
730 2966 899 3031 aberrante.

356 3133 434 3199 lbid.
459 3133 519 3195 31:
552 3133 621 3197 ant
651 3133 688 3198 in
718 3135 833 3198 tanta
862 3132 1043 3200 mercede
1066 3133 1258 3212 hominis,
1280 3136 1323 3199 ut

254 3241 331 3317 vis,
375 3238 608 3306 avarissimi
650 3239 764 3304 mille
800 3242 1002 3306 talentum
1044 3241 1321 3306 decessionem

255 3366 342 3414 esso
375 3365 615 3413 concessam.
660 3345 775 3412 Mirum
804 3347 901 3413 videri
931 3347 1035 3413 Cicero
1065 3345 1229 3432 significat,
1251 3365 1322 3423 non,

254 3455 373 3520 tantam
396 3453 569 3520 mercedem
593 3452 766 3520 avarissimi
787 3452 922 3518 hominis
944 3453 1050 3531 luisse,
1073 3453 1126 3518 sed
1145 3455 1266 3518 tantam
1287 3469 1324 3523 ex

199 3581 209 3594 “
255 3580 292 3626 ea
314 3562 519 3628 decessionem
542 3580 610 3626 esse
632 3560 755 3626 factam.
790 3560 921 3626 Videtur
940 3559 1132 3627 scribendum
1151 3578 1233 3625 esse:
1255 3563 1324 3623 aut

255 3669 382 3734 tautam
404 3667 443 3732 in
466 3667 647 3732 mercede
679 3668 867 3746 bominis,
903 3670 944 3733 ut
976 3669 1053 3746 vis,
1086 3663 1323 3732 avarissimi

255 3772 538 3840 decessionem
561 3792 648 3838 esse
670 3793 911 3840 concessam.
960 3775 1095 3844 Summae
1116 3789 1263 3838 numerus
1287 3788 1323 3835 cx

255 3881 462 3962 superioribus
484 3881 633 3963 repetitus
656 3899 723 3946 esse
745 3881 877 3946 videtur.
931 3879 1022 3958 Nam,
1046 3900 1114 3964 qnae
1137 3879 1235 3944 altera
1257 3895 1322 3946 cor·

255 3986 375 4070 rigandi
397 3986 447 4052 via
467 3991 524 4065 cst,
547 3991 582 4050 ut
604 3987 787 4068 simpliciter
808 3987 937 4053 tollatur
965 3989 1098 4064 tanta,
1127 3987 1228 4052 minus
1250 4002 1324 4066 pro-

251 4093 370 4159 babilis
393 4094 468 4158 mibi
491 4093 621 4158 videtur.
