2974 4660
604 309 813 364 Demosthenes.
1162 305 1201 368 37

176 508 304 574 buntur:
350 509 403 573 καὶ
449 507 620 580 Φίλιππος
648 501 722 592 οιῖχ
761 500 902 592 ὑπεῖχεν
945 499 1130 571 ὑπακούων
1172 516 1245 574 τοῖς

176 615 409 700 προδιδοῦσιν,
460 607 532 682 οὐδ’
571 615 659 700 εἶχεν
702 611 720 678 ὅ
764 640 795 678 σι
840 613 976 698 πρῶτον
1025 606 1124 699 λάβῃ,
1145 609 1245 676 mani·

176 722 254 788 festo
297 722 330 786 in
369 715 508 808 derepta
542 722 667 795 mendo;
707 721 788 802 quod
821 719 916 785 ceteri
960 718 1077 784 codices
1116 716 1241 789 babent,

177 822 286 896 οὐκέτ’
309 829 406 915 εἶχεν,
437 827 594 912 redarguit
621 833 651 892 et
672 825 868 908 participium
892 820 1078 891 ὑπακούων
1110 827 1140 889 et
1163 822 1245 905 quod

177 936 318 1019 sequitur
353 937 384 1000 in
427 935 521 1000 altero
562 934 700 999 membro
735 934 818 998 reete
843 932 1002 1016 seriptum,
1038 923 1111 998 οὐδ’
1147 931 1244 1017 εἶχεν.

177 1041 379 1108 Scribendum
400 1041 538 1108 videtur:
572 1041 626 1106 καὶ
657 1040 828 1112 Φίλιππος
855 1033 917 1106 ουίι
946 1034 1123 1124 ἐπήρκει
1152 1032 1246 1103 ὐπα-

177 1144 287 1215 codor
309 1162 380 1220 τοῖς
411 1148 650 1232 apodeicticam
683 1166 743 1212 non
777 1146 950 1212 sufficiebat
983 1147 1179 1212 offerentibus
1213 1163 1245 1209 se

177 1256 381 1338 proditoribus
404 1254 595 1336 recipiendis.

276 1413 344 1490 XX,
383 1414 443 1476 34:
495 1413 528 1477 ai
561 1403 625 1478 οὖν
658 1413 788 1486 οἴεσθε,
826 1403 850 1475 ὦ
886 1408 1007 1496 ἄνδρες
1041 1405 1242 1495 Ἀθηναῖοι,

176 1522 299 1586 τουτον
321 1513 382 1584 σόν
404 1520 561 1584 νοιουιον
584 1520 661 1603 περὶ
676 1512 767 1603 ὑμᾶς
781 1500 1029 1606 γεγενημένον’
1041 1513 1100 1584 eda
1116 1511 1246 1601 σι’νουοη

177 1625 272 1713 νόμῳ
295 1622 360 1710 τήν
382 1619 536 1692 α’σέλειαν
565 1619 656 1710 ὑμᾶς
687 1620 928 1714 ᾰψῃρημένους
955 1619 1062 1691 αὐτόν
1086 1627 1139 1690 καὶ
1162 1623 1246 1709 μηδ’

176 1729 220 1800 δν
262 1731 433 1820 μεταδόξῃ
467 1738 548 1799 ποτὲ
582 1738 844 1818 ψηφισαμένους
876 1738 997 1808 ἐξεῖναι
1030 1731 1148 1798 δουναι
1158 1758 1170 1812 ,·
1214 1732 1246 1798 si

174 1842 371 1925 participium
412 1847 672 1926 ψηφισαμένους
705 1859 773 1906 cum
808 1844 928 1915 ἐξεῖναι
964 1839 1085 1905 δουναι
1119 1840 1246 1905 coniun-

179 1951 312 2032 geretur,
344 1948 515 2012 necessario
547 1967 682 2030 praesens
714 1947 878 2032 poneretur
911 1938 1052 2028 tempta
1080 1947 1112 2010 et
1143 1948 1246 2011 tamen
1306 1994 1309 2002 .

175 2055 277 2119 totum
300 2052 479 2132 abundaret,
495 2055 555 2118 uisi
570 2055 754 2120 scriberetur
768 2057 1121 2137 μεταψηψιζομένους.
1164 2051 1246 2117 Scri-

175 2160 326 2226 bendum:
370 2152 453 2243 μηδ
489 2154 533 2234 οἶν
568 2154 738 2247 μεταδόξῃ
783 2163 865 2225 ποτὲ
907 2165 1246 2248 ψηφισαμένοις,

177 2273 299 2342 ἐξεῖναι
323 2265 450 2344 δοῦναι,
479 2286 517 2331 σο
539 2267 566 2332 si
589 2267 705 2333 decreti
727 2267 851 2350 quidem
873 2286 927 2332 ros
949 2266 1136 2350 penituerit.

278 2460 366 2540 XXI,
390 2461 446 2522 41:
480 2456 504 2526 ιῖ
526 2453 555 2528 δ’
577 2456 622 2527 clv
648 2460 682 2526 ἐν
710 2461 840 2526 πολλου
865 2455 1008 2545 συνεχῶς
1038 2460 1093 2524 ἐπὶ
1118 2452 1248 2532 πολλαὶς

180 2560 310 2652 ἡμέρας
342 2565 436 2652 παραὶ
471 2563 552 2640 σούς
584 2563 713 2651 νόμους
745 2565 904 2652 πράσσων
937 2592 988 2639 τις
1018 2569 1182 2651 φωρᾶσαι,
1205 2559 1248 2632 ου’

92 2729 94 2734 .
176 2667 288 2756 μόνον
311 2669 423 2758 δήπου
450 2675 513 2740 σου
539 2671 589 2759 μή
619 2668 694 2758 μετ’
715 2669 820 2760 ὀργῆς
845 2668 975 2759 α’πέχει,
998 2667 1083 2738 α’λλσὶ
1109 2674 1162 2738 καὶ
1184 2677 1247 2759 βο-

177 2783 417 2866 βουλευμένως
449 2777 468 2849 ὁ
504 2782 659 2854 τοιοῦτος
680 2775 828 2866 ὑβρίζον
868 2783 960 2847 ἐστὶν
991 2775 1056 2866 ἤδη
1090 2773 1246 2866 φανερός.

179 2888 374 2971 Quamquam
397 2888 435 2953 de
458 2888 609 2972 particula
629 2881 679 2972 μή
702 2891 734 2952 in
756 2888 862 2954 Graeco
884 2906 1022 2952 sermone
1045 2887 1125 2968 apud
1145 2886 1249 2951 infini-

178 2994 277 3058 tivum
310 2996 350 3060 ad
382 2996 519 3060 nostrum
553 3013 677 3061 sensnm
709 2995 881 3060 abundanti
917 2993 1083 3078 diligenter
1119 2992 1247 3076 quaesivi

179 3100 365 3184 exposuiqua
394 3103 425 3166 in
459 3100 565 3166 libello
598 3101 717 3185 syntaxi
749 3118 824 3166 meae
860 3101 975 3167 Graecae
997 3100 1143 3165 adiuncto
1165 3083 1264 3183 (Be-¹

177 3205 365 3289 νιονΙιααμου
399 3207 475 3272 tiber
510 3208 609 3290 accipe
644 3206 765 3273 Puncta
802 3209 856 3272 dar
888 3207 1102 3290 priecbiecbea
1144 3204 1247 3271 Wart-

176 3312 400 3396 fdpucpslebrc
410 3332 439 3396 p.
455 3314 493 3375 47
507 3321 597 3396 sqq),
610 3317 713 3379 tamen
727 3333 785 3379 uon
797 3314 898 3391 video,
916 3313 1068 3396 quomodo
1078 3313 1137 3377 dici
1152 3312 1251 3396 possit

179 3411 294 3506 οἷπέχοι
318 3422 378 3487 τοι]
400 3416 450 3506 μή
474 3413 550 3504 μετ’
583 3413 696 3506 ὀργῆς,
730 3441 799 3486 cum
833 3419 892 3485 hoo
925 3419 1137 3502 intelligatur:
1174 3418 1248 3496 „ab-

181 3527 228 3589 est
249 3526 288 3590 ab
311 3545 355 3601 eo,
378 3526 414 3591 ut
439 3527 535 3592 iratus
558 3527 651 3592 faciat
672 3524 795 3590 fiatue“.
839 3525 936 3590 Valde
959 3543 1074 3597 vereor,
1097 3541 1134 3586 ne
1149 3521 1247 3602 serip-

181 3634 248 3695 tum
271 3633 363 3696 suerit
384 3652 403 3697 a
421 3632 647 3701 Demosthene:
680 3625 721 3699 οὗ
750 3625 861 3716 μόνον
891 3625 1004 3714 δήπου
1032 3623 1079 3694 τιν’
1100 3623 1152 3713 μή
1173 3619 1250 3712 μετ’

182 3732 286 3825 ὀργῆς
315 3732 441 3826 α’πέχει,
471 3740 584 3804 rariore
612 3738 668 3803 illo
696 3758 755 3804 usu
779 3737 865 3804 verbi
886 3730 1033 3823 α’πὲχειν,
1056 3754 1115 3819 quo
1138 3733 1250 3799 dicitur
1338 3737 1340 3740 ’

183 3845 220 3910 de
243 3847 290 3924 iis,
315 3865 382 3929 quae
404 3846 466 3911 iam
489 3846 695 3930 acceperimus
717 3847 947 3928 teneamusque,
970 3843 1006 3908 nt
1029 3843 1094 3908 baec
1116 3840 1158 3906 sit
1180 3859 1251 3905 son·

182 3953 296 4020 tantia:
323 3972 381 4017 non
412 3952 512 4018 solum
540 3955 722 4035 impressam
751 3952 845 4017 habet
867 3952 898 4016 et
920 3950 1058 4016 continet
1078 3948 1183 4013 notam
1205 3945 1251 4011 rei

100 4137 112 4158 .
182 4074 242 4122 non
265 4058 312 4122 ira
334 4059 432 4140 sactae,
454 4059 513 4125 hoo
535 4060 592 4139 est,
614 4078 674 4124 non
697 4059 796 4124 solum
819 4061 902 4124 earet
925 4055 1121 4123 excusatione
1137 4053 1181 4118 rai
1196 4071 1258 4134 per
