2974 4660
340 311 377 374 18
712 312 774 370 Lib.
793 313 815 368 1.
835 315 901 383 (lup.
919 313 941 368 Ι.

293 507 408 573 Versus
431 509 475 574 sio
496 507 760 594 interpungendus
782 511 846 576 ωσι

293 615 363 682 Ill.
386 615 477 680 τοῦτ’
497 608 606 682 ἐκεῖν’·
630 609 673 681 ἵν’
691 615 901 702 ἐσπάρημεν,
918 653 955 664 -
972 615 1047 690 ΞΟ.
1070 611 1089 682 ὁ
1112 607 1245 696 πότμος
1266 619 1364 704 έξηῦ·

293 825 350 892 Ion
374 846 407 892 ee
428 827 491 896 ium
515 847 580 894 rem
604 831 709 895 tenere
731 829 806 893 nutu
828 827 960 894 formula
985 822 1080 894 τοῦτ’
1093 747 1365 906 ρέοέιλνέέέέέέσολ.

293 930 405 999 deinde
443 937 576 1017 coeptum
616 936 682 1001 eine
724 934 892 1000 orationem
929 933 1126 1020 interrumpit
1167 939 1199 1004 et
1239 937 1362 1022 perficit

291 1037 432 1106 Xuthue:
457 1041 529 1120 „ubi
552 1042 643 1107 natus
665 1040 736 1119 uim,
757 1076 798 1087 -
820 1039 951 1119 fortune,
972 1041 1018 1106 mi
1039 1041 1095 1122 fili,
1117 1045 1280 1126 repperit“

444 1181 504 1244 598
527 1200 609 1264 sqq:

392 1280 464 1353 ὅσοι
488 1287 523 1354 δὲ
544 1287 678 1372 χρηστοὶ
702 1281 889 1372 δυνάμενοί
902 1280 931 1354 u'
947 1287 1034 1354 εἶναι
1058 1289 1156 1374 σοφοὶ

394 1394 507 1481 σιγῶσι
532 1387 594 1458 κού
616 1386 822 1460 σπεύδουσιν
845 1399 880 1469 ές
899 1388 941 1460 σοι’
958 1387 1157 1483 πράγματα,

392 1493 509 1588 γέλωτ’
530 1506 567 1565 ἐν
589 1493 705 1573 αὐτοῖς
725 1502 861 1586 μωρίαν
883 1529 919 1570 το
943 1494 1096 1588 λήψομαι
1120 1527 1147 1571 ιι.
1171 1527 1200 1567 τ.
1223 1503 1250 1567 λ.

293 1630 511 1716 Significantur
543 1631 661 1696 nubiles
694 1631 726 1696 et
758 1625 1003 1717 καλσιιοὶγαθσέ,
1038 1632 1092 1715 qui
1121 1633 1152 1696 in
1174 1650 1208 1697 re
1236 1631 1364 1715 publiea

291 1737 390 1820 plebis
423 1736 595 1804 dominatui
626 1737 756 1819 parenti,
790 1737 912 1821 qualem
947 1738 1170 1803 Atheniensem
1201 1737 1257 1804 Ion
1290 1755 1362 1802 esse

292 1843 377 1922 dicit,
400 1842 546 1911 iuvidiam
570 1842 704 1909 nitentes
728 1843 791 1908 otio
814 1863 848 1909 ee
870 1844 997 1920 dedunt,
1020 1843 1075 1910 sed
1097 1845 1129 1910 et
1149 1863 1204 1926 per
1219 1861 1251 1909 se
1266 1861 1365 1926 pruno

292 1943 478 2036 δυνάμενοι
512 1949 600 2016 εἶναι
633 1950 732 2034 σοφοί
764 1949 921 2028 dicuntur,
962 1951 1015 2033 qui
1047 1951 1146 2036 σοφοί
1178 1949 1360 2034 simpliciter

292 2056 470 2140 appellandi
492 2058 587 2129 erant,
610 2056 642 2120 et
668 2055 717 2133 iis,
743 2057 794 2138 qui
823 2074 852 2121 v.
878 2057 938 2120 596
965 2048 1132 2123 αἰλύναιοι
1155 2055 1365 2139 appellentur,

294 2163 438 2229 contrarii
461 2168 534 2227 sunt
555 2180 614 2227 uon
638 2167 669 2228 οἱ
692 2164 800 2247 σοφοί,
823 2162 878 2230 sod
894 2169 926 2230 οἱ
941 2164 1093 2239 δυνατοί,
1115 2169 1147 2231 σέ
1162 2155 1360 2246 δυνάμενοι.

292 2270 401 2353 ltuque
423 2269 516 2334 verbu
538 2267 625 2334 εἶναι
649 2271 748 2354 σοφοί
763 2289 781 2334 ο
798 2271 960 2352 participio
983 2266 1169 2356 δυνάμενοι
1192 2269 1367 2353 separando
1471 2321 1472 2332 ,

292 2378 365 2442 sunt
396 2374 667 2458 coniungendaque
701 2394 770 2440 oum
802 2377 895 2442 verbo
917 2378 1069 2461 sequenti,
1098 2396 1211 2462 proque
1241 2376 1358 2463 σιγῶσι

291 2482 420 2549 verbum
442 2480 634 2546 scribendum
658 2487 716 2560 est,
739 2480 821 2565 quud
845 2481 1014 2549 voluntatis
1037 2485 1068 2549 et
1090 2483 1238 2568 propositi
1261 2482 1359 2566 sigui·

290 2588 467 2654 ficationem
488 2587 615 2653 habeut:

392 2713 464 2784 ὅσοι
488 2716 522 2782 δέ
543 2716 679 2802 χρηστοὶ
702 2712 888 2801 δυνάμενοί
910 2711 939 2782 τ’
961 2716 1049 2784 εἶναι
1072 2719 1170 2804 σσφσλ

392 2823 559 2908 αἱροῦσι
583 2825 784 2903 (θέλουσι)
809 2817 870 2890 noni
893 2816 1101 2892 σπεύδουσιν
1123 2829 1156 2898 ἐς
1177 2817 1219 2889 σοι’
1250 2813 1366 2909 προέγ-

1151 2954 1266 3015 ματα.

761 3059 788 3102 ιι.
812 3059 840 3101 τ.
864 3036 892 3099 λ.

443 3176 503 3240 602
525 3195 611 3260 sqq:

390 3284 459 3350 οων
482 3273 557 3350 δὀὔ
580 3281 703 3370 λογίων
725 3308 761 3348 σε
784 3285 962 3370 χρωμένων
984 3309 1020 3348 σε
1043 3283 1085 3372 τῇ
1108 3278 1207 3351 πόλει

393 3394 442 3466 εἰς
464 3384 595 3476 σι’ξέωμα
617 3385 686 3476 βοές
708 3391 812 3457 πλέον
834 3383 1068 3476 φρουρήσομαι

393 3494 568 3583 ψήφοισιν.

272 3605 425 3685 ,Versum
446 3604 538 3670 vitiat
558 3606 731 3686 enupaestus
761 3603 894 3671 seeundo
924 3602 991 3671 Ῑοσο
1020 3603 1150 3687 poeitae,
1173 3622 1229 3669 neo
1250 3595 1363 3689 λόγιοι

291 3712 375 3777 reete
397 3711 568 3795 appellatur
590 3710 716 3776 tertium
739 3730 835 3796 genus
853 3710 975 3789 civium,
991 3711 1073 3792 quod
1089 3709 1139 3775 hio
1154 3709 1359 3793 significetur,

291 3817 430 3884 homine·
452 3817 634 3884 auctoritato
656 3816 739 3899 apud
760 3817 883 3900 plebem
905 3817 1043 3883 valentes
1060 3834 1187 3899 remque
1202 3816 1365 3900 publicem

292 3924 508 4009 gubemuuteu
556 3922 758 3990 Scribonium
781 3921 902 4005 opinor:

393 4031 458 4098 τῶν
481 4031 520 4096 δέ
544 4029 730 4116 λογίμων
751 4056 787 4096 τε
810 4033 988 4116 χρωμένων
1010 4054 1046 4093 ue
1069 4029 1111 4115 τῇ
1134 4024 1232 4094 πόλει

559 4133 561 4140 ’
764 4163 792 4202 ιι.
816 4162 843 4202 ν.
867 4137 894 4200 λ.
