3012 4652
570 287 709 343 Ciceronis
728 287 860 358 epistola.
1144 289 1205 352 193
1303 267 1305 271 ¹

185 484 220 564 Q.
243 482 380 548 Ciceroni
394 533 399 542 .
413 483 541 548 comites
573 485 606 548 et
637 486 792 552 adiutores
822 485 950 562 dederit,
981 505 1049 551 oum
1075 485 1248 553 certissime

179 607 291 657 omnes
312 589 509 672 respublica
533 589 652 657 dederit
673 593 765 676 atque
787 592 826 658 ab
849 592 907 657 boc
928 592 995 657 toto
1008 610 1121 676 genere
1137 592 1247 657 deiude

184 697 363 780 separentur
383 696 417 772 ii,
439 714 515 780 quos
537 697 682 781 privatim
696 697 757 768 sibi
773 696 906 776 Quintus
921 697 1122 763 adiunxerat?
1145 697 1248 764 Mani·

183 802 386 867 festissimum
408 805 465 872 ast,
475 803 623 868 mendum
637 805 687 870 bic
703 805 837 880 subesse,
853 804 934 887 quod
946 803 1119 870 obscuriore
1134 803 1249 871 indicio

183 909 294 992 aliquis
318 909 467 990 auspicari
487 912 592 990 posset
613 909 663 976 vel
685 929 720 976 er
747 911 803 976 boc
824 929 974 976 concursu
996 909 1121 976 insuavi.
1137 930 1248 992 prono·

172 1015 302 1080 'minum
324 1014 393 1080 hos
415 1032 481 1081 eos
503 1034 608 1100 quos.
638 1015 743 1082 Cicero
765 1016 945 1100 scripserat:
968 1017 1090 1100 atquo
1112 1017 1250 1084 interest

184 1119 260 1188 hoa:
283 1139 364 1198 eos,
388 1140 485 1204 quos
506 1122 585 1188 tibi
608 1149 617 1185 .·
639 1170 646 1185 .
666 1170 674 1186 .
697 1171 704 1186 .
727 1170 735 1186 .
756 1122 1018 1205 respublica,
1042 1124 1250 1188 dumtaxat

71 1309 73 1312 ¹
184 1227 339 1293 finibus
376 1227 429 1292 iis
467 1229 702 1310 praestabis,
740 1248 835 1313 quos
871 1234 964 1294 ante
1000 1229 1250 1312 praescripsi;

185 1351 282 1418 quos
304 1353 396 1399 uero
419 1334 488 1399 aut
510 1353 554 1400 cx
575 1335 816 1402 domesticis
834 1335 1162 1403 convictionibus
1183 1343 1251 1403 aut

185 1462 227 1508 ex
258 1441 506 1507 necessariis
538 1442 869 1525 apparitionibus
903 1445 1031 1508 tecum
1065 1462 1151 1509 esse
1182 1464 1250 1511 vo·

112 1612 115 1618 .
185 1549 306 1618 luisti
329 1592 427 1624 ....,
451 1547 587 1613 borum
610 1566 682 1612 non
707 1549 819 1614 modo
841 1548 1024 1614 iactaret.
1061 1548 1250 1616 Sicdemum

184 1655 268 1722 recte
290 1655 350 1720 duo
371 1652 522 1720 contraria
542 1672 654 1738 genera
676 1653 900 1738 separantur.*)
1334 1639 1336 1643 ¹

287 1761 364 1827 Ibid.
388 1765 409 1842 ξ
430 1761 488 1827 40:
522 1751 598 1826 Sed
630 1762 816 1843 quoniam
844 1760 997 1844 primus
1028 1781 1153 1828 annus
1182 1763 1250 1830 ba-

186 1869 277 1935 buit
299 1867 343 1933 de
367 1869 436 1932 bac
458 1866 775 1950 reprehensione
797 1867 1013 1949 plurimum
1037 1869 1251 1947 sermonis,

187 1975 304 2042 oredo
327 1977 557 2059 propterea,
585 1975 687 2059 quod
710 1973 788 2041 tibi
810 1975 1009 2040 hominum
1030 1975 1191 2042 iniuriae
1210 2023 1218 2040 .
1235 2023 1252 2056 .,

187 2081 288 2163 quod
309 2080 537 2146 insolentia·
553 2085 698 2164 praeter
714 2082 943 2165 opinionem
958 2081 1170 2148 accidebat
1186 2130 1192 2145 .
1209 2129 1217 2148 .
1234 2129 1253 2160 .,

188 2188 386 2253 secundus
409 2189 541 2252 autem
564 2188 692 2254 multo
713 2190 861 2268 leuior,
892 2188 995 2272 quod
1022 2190 1062 2254 at
1086 2208 1253 2256 consuo·

191 2293 287 2360 tudo
310 2295 350 2358 ct
372 2293 479 2358 ratio
502 2340 635 2357 .....
659 2300 697 2360 te
718 2295 1012 2377 patientiorem
1034 2295 1254 2362 leniorem·

189 2419 260 2486 que
303 2401 509 2476 iecerunt,
551 2402 703 2466 tertius
746 2422 873 2468 annus
916 2403 976 2467 ita
1012 2403 1133 2468 debet
1168 2423 1255 2468 esse

190 2507 427 2580 emendatus
450 2508 507 2570 cet.
558 2507 653 2573 Recta
680 2505 921 2590 Wesenbergius
950 2509 1049 2572 sensit
1077 2527 1137 2574 non
1164 2527 1254 2591 posse

189 2633 225 2678 ax
246 2613 391 2680 habuit
413 2613 445 2676 in
469 2613 564 2678 altero
585 2614 723 2679 membro
745 2612 846 2682 audiri
868 2613 949 2678 fuit
971 2617 1001 2678 at
1016 2613 1085 2680 ideo
1101 2615 1159 2680 boc
1174 2615 1254 2699 apud

190 2719 324 2784 leuior
358 2718 430 2784 addi
462 2718 595 2789 volebat.
648 2719 708 2784 Sed
739 2720 839 2801 ipsum
873 2719 928 2784 hoc
963 2719 1149 2786 adiectivum
1183 2724 1255 2788 ante

189 2826 402 2903 leuiorem,
435 2826 467 2891 in
500 2827 558 2891 bae
586 2825 756 2909 prasertim
780 2824 910 2908 epistola
933 2825 1170 2910 diligentissime
1193 2828 1257 2894 ela·

192 2935 308 3010 borata,
337 2933 473 3018 graviter
502 2931 639 3012 offendit.
693 2931 766 3016 Sine
789 2931 883 2997 dubio
905 2931 1010 2996 Cicero
1033 2933 1171 3016 scripsit:
1194 2952 1257 3000 so·

192 3040 344 3106 enudus
368 3041 499 3104 autem
523 3037 647 3102 multo
671 3036 824 3104 leviorem
847 3044 1030 3115 (sermonem
1052 3039 1182 3119 babuit).
1258 3029 1259 3032 '

292 3146 371 3213 Ibid.
394 3145 478 3224 3,1:
501 3143 575 3210 Sed
598 3149 708 3210 carte
730 3163 749 3210 a
770 3146 809 3209 te
831 3145 929 3209 mibi
950 3147 1080 3211 omnia
1101 3165 1257 3231 semper

187 3252 361 3324 ¹honesta
395 3255 434 3317 et
466 3250 639 3322 iucunda
670 3250 923 3330 oeciderunt;
957 3274 974 3317 a
1007 3271 1065 3317 me
1093 3253 1171 3320 tibi
1199 3257 1257 3320 oet.

191 3360 287 3438 Recte
321 3357 481 3443 aliquid
514 3357 687 3423 iucunde
720 3357 849 3423 alicui
881 3359 1022 3424 cadere
1055 3359 1175 3438 dicitur,
1199 3379 1258 3426 non

192 3467 268 3532 item
302 3466 433 3530 omnia
465 3464 640 3528 iucunda
672 3464 800 3528 alioui
834 3464 993 3541 cadere,
1020 3465 1191 3547 prasertim
1214 3466 1258 3530 ab

193 3573 247 3637 ali
257 3591 340 3655 quo.
390 3571 461 3634 Sine
484 3569 577 3635 dubio
592 3569 796 3644 scribendum,
812 3568 978 3651 geminatis
994 3569 1112 3634 duabus
1127 3570 1258 3636 litteris:

193 3677 368 3742 iucunda
389 3673 588 3775 acciderunt,
612 3673 870 3757 quemadmodum
893 3673 933 3740 ad
954 3675 1020 3739 Att.
1046 3676 1068 3753 1,
1091 3677 1122 3755 5,
1145 3677 1162 3737 1
1183 3695 1259 3744 sorr-

248 3945 277 4011 *J
299 3945 314 4014 ξ
334 3944 359 4012 7,
379 3943 427 3998 ubi
445 3941 549 3997 editur:
575 3957 613 3996 ea
635 3946 743 3996 autem
762 3939 916 3997 adhibita
935 3941 1089 4000 doctrina
1108 3950 1171 4015 est,
1191 3963 1260 4016 quae

295 4037 350 4092 vel
361 4035 619 4092 vitiosissimam
631 4038 784 4088 naturam
799 4035 955 4092 excolere
969 4038 1091 4108 possit,
1104 4041 1261 4098 necessario

296 4129 471 4186 scribendum
490 4133 532 4184 est
550 4127 648 4198 posset.

1028 4235 1062 4289 13
