3012 4652
296 271 359 335 m
658 269 922 340 mmmm

255 467 481 535 emendationis
503 469 591 550 parte
613 467 850 545 (nobilibus)
868 466 954 532 nulle
969 475 1017 532 est
1032 465 1201 542 dubitatio;
1224 465 1323 532 ultera

255 575 398 642 audacior
420 573 646 642 dubitationem
669 573 773 648 babet,
792 573 853 638 nisi
868 573 946 658 quod
962 574 1081 639 certum
1098 583 1146 638 est
1160 571 1320 639 relativum

255 699 421 763 pronomen
435 680 645 759 intercidisse;
661 683 764 762 potest
779 679 860 745 enim
876 680 1023 762 scriptum
1039 679 1152 744 inisse:
1167 679 1320 745 invidus

255 788 378 853 etiam
407 788 617 869 potentiae,
640 786 778 874 <qni>
800 787 839 852 in
873 785 1022 852 crimen
1053 786 1318 864 vocabantur,

255 892 410 960 domum
432 895 604 960 revocat.

354 1000 443 1065 Eum.
467 1002 503 1066 3:
537 999 687 1066 etenim
715 1019 871 1082 semper
899 999 1034 1066 babiti
1056 1000 1158 1065 'sont
1178 998 1322 1064 fortis·

256 1107 365 1180 simi.
398 1107 465 1190 qui
498 1125 690 1172 summum
722 1107 887 1189 imperii
919 1103 1162 1190 potirentur.
1217 1104 1269 1169 Sic
1290 1104 1322 1169 in

255 1212 482 1295 antiquioribus
520 1201 676 1279 codicibus
712 1214 857 1278 omnibus
893 1212 1048 1286 scribitur.
1084 1231 1139 1294 pro
1176 1230 1234 1296 qno
1268 1212 1322 1276 aut

255 1337 404 1384 summa
432 1320 594 1403 expanuis
616 1319 835 1387 recentioribus
857 1324 912 1384 aut
933 1338 1090 1385 summae
1112 1337 1128 1383 e
1150 1320 1323 1385 coniectura

256 1424 462 1490 substituitur.
500 1425 597 1491 Miror
618 1427 735 1492 nemini
757 1427 788 1490 in
812 1427 946 1491 ruentem
969 1411 1320 1502 conresuscitandum

256 1549 331 1610 esse,
364 1531 621 1615 quemadmodum
650 1551 676 1597 c.
700 1533 728 1612 7,
761 1532 875 1598 summi
905 1533 956 1596 im
964 1533 1088 1614 perii:
1127 1530 1203 1596 Gom
1233 1531 1322 1596 ivo·

255 1638 331 1704 calis
367 1639 465 1704 semel
497 1641 610 1721 scripta
644 1641 727 1705 esset
759 1637 1090 1720 (summimperii),
1106 1637 1193 1702 inde
1214 1641 1319 1703 uatum

254 1745 304 1810 est
324 1765 525 1811 summum.

356 1852 458 1917 Hann.
482 1855 518 1918 5:
541 1850 668 1932 Quare
695 1852 766 1918 boc
787 1853 1028 1918 unumsetis
1051 1849 1131 1917 crit
1152 1850 1319 1929 dictum,

254 1977 297 2022 cx
325 1977 398 2041 quo
427 1959 616 2044 intelligi
643 1959 794 2041 possit,
821 1961 994 2043 quantus
1016 1957 1241 2023 illoluorit
1261 1962 1319 2024 cot

255 2063 385 2129 Prorsus
408 2064 619 2131 scribendum:
642 2067 714 2132 boc
734 2085 851 2132 unum
873 2065 976 2130 eatis
998 2065 1079 2140 eri-t
1101 2065 1213 2132 dictur*

356 2183 421 2248 Att.
439 2183 476 2249 3:
495 2185 630 2269 Igitur
651 2186 818 2267 primum
842 2184 950 2250 illud
972 2203 1112 2249 munus
1134 2184 1322 2259 lortnnae‚

220 2311 223 2314 ·
254 2288 356 2370 quod
386 2289 423 2355 in
453 2309 497 2354 cc
522 2291 783 2372 potissimum
811 2292 905 2357 urbe
935 2293 1156 2369 natusest,
1184 2280 1321 2373 in-que

255 2393 508 2462 domicilium
543 2397 653 2462 orbis
688 2399 889 2464 terrerum
922 2398 1033 2464 esset
1064 2396 1244 2481 imperii,
1276 2399 1321 2462 nt

255 2501 418 2567 eandem
440 2507 478 2568 ct
499 2503 675 2586 patriam
697 2505 867 2572 baberet
889 2510 927 2570 et
949 2505 1102 2570 domum
1124 2506 1184 2570 cet.
1231 2504 1319 2569 Men·

254 2607 418 2676 dumosae
448 2612 478 2675 in
509 2611 661 2676 domum
692 2615 775 2677 recte
803 2611 1008 2696 Nipperdeius
1029 2611 1199 2688 intellexit;
1224 2628 1318 2694 neque

254 2715 334 2779 enim
350 2716 451 2798 patria
466 2721 497 2781 et
513 2717 621 2782 domus
638 2720 799 2802 tamquam
814 2719 966 2784 contrariu
980 2719 1052 2800 poni
1068 2714 1319 2800 possumusque

253 2820 353 2886 Roma
373 2823 479 2888 Attico
501 2824 637 2889 domus
664 2824 742 2904 fuit;
771 2826 803 2889 in
826 2825 1004 2909 corrigendo
1025 2823 1187 2890 aberravit.
1237 2820 1318 2902 Quid

253 2927 359 3004 lateat,
382 2929 567 3011 perspicitur
590 2951 625 2996 ex
647 2930 801 3014 superiore
820 2931 942 3013 imperii
965 2931 1130 2996 mentione.
1182 2930 1320 2995 Fortuna

253 3033 286 3097 et
306 3033 472 3115 prudentie
494 3034 539 3102 sic
560 3037 591 3101 in
615 3038 721 3104 Attico
743 3038 966 3121 conspirarunt,
989 3039 1034 3114 ut,
1058 3035 1175 3102 cumin
1192 3036 1318 3110 civitate

253 3138 383 3223 imperio
404 3141 542 3208 Rerum
564 3145 702 3212 subiecta
723 3146 828 3211 sedem
850 3146 987 3228 poneret,
1017 3145 1123 3210 temen
1140 3144 1211 3226 ipse
1232 3162 1319 3225 pere·

252 3245 376 3330 grinum
408 3249 570 3332 imperium
607 3270 666 3316 non
702 3252 829 3318 subiret.
887 3249 1090 3316 Scribcndum
1125 3250 1240 3334 igitur:
1275 3251 1319 3315 ut
1376 3277 1379 3283 ·

253 3356 416 3444 eundem
439 3360 478 3422 et
499 3358 670 3440 patriam
694 3358 862 3424 baberet
884 3362 922 3422 et
944 3357 1113 3424 dominam.
1161 3356 1318 3439 Numqui

251 3459 384 3526 Athenis
406 3466 495 3528 natus
518 3464 609 3542 esset,
633 3465 728 3530 alium
749 3464 913 3530 habiturus
929 3464 996 3529 eret
1009 3463 1152 3546 petrium,
1168 3462 1317 3539 Athenas,

207 3587 209 3592 ·
252 3565 345 3632 aliam
381 3567 546 3649 dominam,
583 3569 722 3636 Romam.
771 3570 881 3647 (Video
921 3588 1000 3636 nunc
1039 3569 1134 3635 etiam
1170 3567 1318 3634 Cobetum

252 3672 449 3740 dominam
479 3675 654 3757 scripsisse;
682 3677 737 3742 sed
767 3677 849 3760 quod
877 3676 1072 3760 transpositis
1102 3674 1204 3740 verbis
1226 3669 1318 3756 an'pre

252 3778 392 3863 scripsit:
415 3775 550 3865 in'qua
572 3782 822 3848 domicilium
846 3786 956 3848 essct
977 3781 1160 3864 imperii,
1189 3781 1317 3847 bicrset

251 3886 360 3952 orbis
383 3890 582 3952 terrerum
606 3887 819 3967 dominam,
836 3908 894 3954 non
909 3887 1056 3973 egiturin
1070 3887 1169 3952 Attici
1185 3901 1315 3968 persona

252 3991 290 4056 de
313 3992 471 4064 dominatu
497 3994 580 4061 orbis
604 4000 765 4075 terrarum,
796 3983 894 4078 neque
915 3995 1041 4061 Atticus
1062 3994 1143 4059 orbis
1165 3987 1315 4069 terrerum

252 4098 407 4163 dominam
430 4100 541 4166 hebuit
562 4102 704 4183 patriam,
727 4101 780 4166 scd
795 4119 893 4166 suam.
929 4102 965 4166 In
981 4099 1147 4168 altoreille
1163 4097 1316 4165 sententia
