2974 4660
575 296 718 366 Sophoclis
735 297 815 351 Aiax.
1161 297 1179 358 9

255 497 423 580 Δέχεσθαι
446 485 629 577 ονμφοροίν
649 491 726 556 nihil
742 495 789 557 est
803 493 863 558 nisi
877 493 994 559 malum
1011 491 1175 557 admittere
1191 497 1229 556 et·-

154 598 311 682 susnipera
338 599 608 684 (quemadmodum
637 598 748 663 Traah.
777 599 838 662 376
870 599 983 664 dieitur
1010 599 1221 683 εἰσδέχεσθαι

153 700 320 792 ειημονήν
342 697 563 792 indemnem
586 705 667 789 quod
681 704 739 770 hon
753 706 820 771 loeo
836 703 1006 770 necessario
1021 705 1229 788 significatum

152 813 275 879 Ulixem
296 811 374 877 nihil
396 813 472 877 mali
494 810 642 894 suspicari
665 811 774 876 debere
797 809 858 875 sibi
881 829 917 874 ex
940 811 1033 876 Aiace
1059 810 1221 889 oriturum,

152 918 208 983 illo
231 919 322 984 verbo
344 918 511 1002 significari
533 917 647 1000 nequit.
692 917 807 1000 Opinor
829 917 978 998 scriptum
1001 915 1112 983 fuisse:

254 1070 261 1086 .
285 1071 294 1089 .
317 1071 326 1090 .
347 1025 433 1110 μηδὲ
456 1019 637 1109 συμφοροίν
659 1023 791 1089 τίθου

253 1127 315 1196 τόν
338 1124 441 1214 ἄνδρ’.

303 1306 366 1366 404
388 1325 453 1389 sqq.
477 1308 520 1380 (iu
546 1303 650 1370 Aiacis
673 1305 823 1389 querelat:

254 1425 316 1476 ποῖ
336 1436 388 1484 τις
410 1402 473 1477 οὖν
495 1403 606 1498 φύγῃς

254 1531 315 1582 ποῖ
335 1514 453 1602 μολοίν
478 1519 591 1603 μενώ,·

255 1627 286 1689 εἰ
307 1620 349 1689 τοί
372 1629 437 1710 μὲν
466 1625 599 1711 φθίνει,
627 1622 732 1708 φίλοι,
755 1614 859 1688 τοῖσδ’
881 1615 969 1705 ὁμοῦ
993 1623 1109 1696 πέλας,

253 1725 384 1814 μοίραις
407 1725 558 1818 θ’ὀίγραις
580 1729 829 1814 προσκείμοθα.

254 1893 386 1959 Versum
397 1896 458 1958 406
471 1900 647 1977 corruptum
660 1911 739 1971 esse,
752 1896 783 1956 et
794 1889 992 1956 manifestum
1007 1891 1054 1955 est
1069 1893 1101 1954 et
1116 1909 1232 1956 omnes·

153 1998 217 2063 fera
251 2000 470 2077 consent-inut;¹
505 2001 616 2084 neque
635 2003 739 2063 tamen
773 1998 936 2080 quisquam
969 1997 1232 2062 animadvertisse·

156 2104 279 2170 videtur
300 2106 431 2188 primam
453 2107 556 2171 mendi
579 2105 684 2170 sedem
708 2103 741 2170 in
765 2107 856 2188 φίλοι
889 2122 963 2172 esse.
992 2102 1045 2186 qui
1067 2103 1232 2168 vocativus

156 2199 264 2293 et'per
285 2231 317 2277 se
339 2212 371 2276 in
393 2211 468 2276 hae
464 2211 611 2296 generali
633 2211 852 2294 conquestione
875 2213 906 2276 et
928 2209 1093 2274 miserrimi
1122 2211 1224 2275 status

156 2315 361 2400 descriptione
387 2317 510 2399 ineptus
542 2320 665 2394 estet
697 2321 778 2400 quod
808 2317 886 2380 Aiax
908 2317 1008 2381 solam
1029 2317 1224 2382 Tecmessam

156 2421 333 2505 alloquitur
379 2426 413 2489 ln
441 2425 538 2489 altero
567 2424 704 2489 membro
735 2415 853 2504 (τοῖσδ’
875 2448 902 2488 ιι.
926 2447 954 2487 τ.
978 2424 1022 2496 λ.)
1044 2423 1142 2488 lutere
1165 2422 1227 2488 ali-

157 2529 239 2612 quid,
274 2530 355 2612 quod
387 2529 536 2613 superiori
569 2533 599 2596 εἰ
631 2523 673 2594 ια’
703 2535 768 2612 μὲν
801 2529 922 2612 φθίνει
956 2548 1012 2593 eon
1015 2530 1142 2593 t·rarium
1176 2531 1226 2608 sit

157 2634 332 2702 Dindorfius
369 2638 482 2715 sensit
518 2635 572 2702 sed
607 2634 706 2709 τίσις,
743 2635 825 2716 quod
861 2654 916 2716 pro
953 2647 1027 2699 ιοῑσ
1064 2633 1236 2699 substituit

157 2740 258 2819 (τίσις
280 2735 398 2820 θ’,)οθ
430 2761 448 2805 a
481 2741 595 2806 litteris
616 2742 739 2824 longius
760 2741 931 2804 receditet
954 2759 991 2803 nn
994 2740 1109 2803 tionem
1131 2738 1227 2806 habel

158 2846 260 2911 miuus
282 2846 354 2912 huia
375 2849 441 2911 loeo
463 2849 583 2929 aptam3
612 2845 690 2910 illud
713 2845 906 2910 Diudorfium
929 2863 1049 2929 quoque
1072 2845 1228 2928 fugitant

158 2969 217 3016 non
251 2951 327 3016 satis
358 2953 531 3027 summovit,
566 2952 646 3033 quod
679 2947 720 3018 ιιί
753 2957 819 3036 μέν
852 2951 945 3016 nimis
974 2950 1093 3016 infinite
1116 2950 1228 3015 dieitur

159 3055 314 3142 (quaedam
346 3057 492 3133 interire).
546 3059 654 3141 Itaque
686 3059 810 3124 initium
846 3056 1072 3124 emendationis
1105 3063 1162 3135 est,
1193 3060 1237 3121 ut·

157 3164 271 3228 rectius
292 3165 440 3247 separatis
461 3163 575 3229 litteris
598 3166 766 3232 scribatur:
790 3168 821 3231 εἰ
843 3158 884 3232 ια’
900 3169 966 3250 μὲν
989 3163 1121 3248 φθίνει,
1144 3156 1235 3248 φίλ’

160 3269 199 3347 (si
221 3288 289 3351 quae
312 3287 382 3334 nara
404 3271 436 3334 et
467 3271 566 3336 amica
597 3275 680 3347 sunt,
714 3275 873 3356 pereunt);
908 3268 1019 3336 deinde
1056 3269 1226 3336 coniunctis

157 3375 272 3441 rectius
293 3375 407 3440 litteris
428 3395 547 3462 unaque
563 3375 667 3443 deleta
681 3378 823 3455 eflicitur,
841 3375 923 3459 quod
939 3396 955 3438 e
958 3377 1034 3441 tiam
1050 3376 1228 3441 Dindorfius

158 3483 322 3564 quaerebat,
355 3482 483 3547 alterius
505 3484 634 3548 membri
658 3483 848 3548 subiectum:
883 3481 1002 3554 οίιος
1036 3475 1073 3548 θ.
1132 3481 1190 3546 Tot
1192 3499 1237 3546 us

157 3588 254 3672 igitur
275 3607 381 3654 versus
404 3587 447 3652 siu
470 3588 648 3654 scribendus
672 3593 735 3653 est:

260 3720 289 3782 εἰ
311 3711 352 3783 ια’
374 3709 707 3802 palentinensis,
731 3716 851 3790 οἶτος
874 3709 993 3800 θ’ὀμοῦ
1017 3715 1129 3791 πέλας.

308 3873 370 3938 496
393 3894 458 3959 sqq.
501 3875 665 3942 Teumessa
686 3877 730 3941 sie
752 3877 901 3959 loquitur:

260 3987 282 4090 ᾖ
302 3996 368 4088 yria
390 3999 506 4092 θάνῃς
527 4001 571 4072 οὐ
593 4005 648 4070 καί
671 3999 876 4090 νελενοήοας
896 3998 1000 4092 α’φῄς,
1062 4027 1064 4032 ·

260 4101 368 4197 ταύτῃ
391 4103 507 4194 νόμιζε
529 4105 617 4196 ruisti
638 4111 680 4197 τῇ
702 4104 781 4177 τόθ’
804 4104 913 4196 ἡμέρᾳ
