2974 4660
602 302 761 356 Athenaeus,
1134 304 1172 367 61

145 498 257 581 ltaque
281 498 369 564 valde
391 501 529 580 suspicor
544 499 752 583 Hegesippunr
771 501 930 582 scripsisse
953 495 1104 585 τιλ.φιιι’
1123 511 1217 590 ἔχον-

138 629 212 679 τες.
236 604 358 688 nigram
380 607 412 670 ct
434 605 607 689 squalidam
629 610 758 672 vestem.
1095 599 1097 604 ’

246 746 282 812 Ρ.
307 745 368 808 300
392 765 408 811 c
430 746 475 820 (in
498 746 671 828 fragmento
694 746 881 828 Antiphanis
904 765 939 812 ex
962 749 1146 834 Thamyran:

234 869 371 964 Θρῄκης
391 869 566 958 κατάρδων
588 871 747 958 ποταμός
769 869 1012 962 ὠνομασμένος

232 976 400 1067 Στρυμών
424 1007 452 1046 κ.
476 1009 506 1046 τ.
531 985 558 1046 λ.

248 1111 465 1178 scribendum:
492 1112 666 1201 Θρῇκας
689 1107 874 1196 κατάρδων.
907 1112 1093 1190 (Meinckius
1119 1106 1215 1202 Θρῄ·

106 1209 110 1221 ’
142 1246 222 1304 κην,
245 1218 328 1302 quod
350 1237 409 1283 non
431 1217 520 1283 facilc
543 1221 720 1302 corruptum
743 1219 877 1296 fuisset.)

246 1360 281 1427 P.
303 1358 365 1423 307
388 1379 415 1426 e.
461 1356 608 1444 Εὔφρων
630 1361 769 1445 Αἰσχρᾷ·

234 1467 347 1539 Μίδας
369 1465 402 1531 δὲ
427 1463 584 1550 κεστρεύς
609 1474 688 1531 ἐστι·
712 1469 831 1550 νῆστις
853 1479 1046 1550 περιπατεῖ.

247 1595 449 1661 Scribendum
473 1597 651 1661 manifesto:

231 1725 346 1797 Μίδας
370 1727 403 1792 δὲ·
427 1720 587 1811 κεστρεύς
609 1724 713 1791 ὥστε
737 1726 854 1808 νῆστις
876 1739 1067 1807 περιπατεῖ,

141 1832 411 1918 quemadmodum
435 1832 467 1897 in
492 1835 639 1915 Amipsiae
668 1831 841 1916 fragmento
872 1832 1004 1914 proxime
1031 1832 1213 1913 praeccdeut'

138 1940 288 2006 scribitur
303 1940 418 2024 νῆστις
434 1938 594 2023 καθάπερ
611 1935 776 2023 κεστρεύς.
814 1938 1004 2002 Testimonia
1018 1938 1212 2024 colliguntur,

142 2048 178 2112 in
211 2047 322 2136 quibus
352 2061 500 2131 κεστρεῖς
523 2041 678 2132 νήστιδες
710 2045 828 2128 duplici
863 2044 986 2110 nomine
1019 2046 1216 2129 appellantur

142 2154 308 2236 tamquam
332 2153 500 2238 singularis
522 2155 638 2236 species
660 2154 727 2218 τῶν
748 2153 960 2236 κεστρέων.*)

246 2294 282 2362 Ρ.
304 2295 367 2358 314
389 2313 406 2358 a
429 2294 472 2371 (in
496 2296 667 2378 fragmento
692 2293 916 2372 Archestrat'J:

749 2429 818 2489 ἔστι
842 2423 876 2487 δὲ
900 2421 1017 2497 κεδνὸς

231 2522 294 2594 κσῖν
316 2531 466 2615 πορθμῷ
489 2525 575 2614 πρὸς
596 2527 731 2615 ἄκραισι
755 2523 974 2613 Πελωριάδος
996 2543 1182 2615 προχοαῑσι.

247 2661 497 2726 Prcmuntorium
518 2680 578 2726 nau
601 2661 693 2726 habet
709 2657 866 2747 προχοάς,
883 2679 951 2743 quae
966 2659 1129 2724 fluviorum
1144 2659 1216 2722 sunt

137 2786 210 2842 cra,
232 2766 287 2831 sed
310 2765 549 2852 receptatus,
573 2786 663 2850 rupes
681 2769 712 2833 ct
727 2768 870 2850 scopulos
886 2767 975 2850 longe
991 2768 1212 2850 precurrentes.

142 2874 257 2956 ltaque
280 2875 471 2940 scribendum
494 2877 707 2960 προβολαῖσι.

246 3013 285 3079 Ρ.
309 3015 370 3080 318
393 3017 414 3081 d
435 3016 478 3094 (in
501 3015 663 3100 Posidippi
687 3016 909 3100 epigrammate
930 3014 961 3079 in
984 3013 1164 3089 Venerem:

232 3136 254 3227 η’
277 3144 310 3210 δὲ
334 3147 390 3212 καὶ
413 3139 580 3232 εὐπλοΐην
602 3140 699 3214 δώσει
723 3148 777 3212 καὶ
800 3143 934 3230 χείματι
956 3148 1066 3230 μέσσῳ

232 3245 270 3316 κδ
293 3247 409 3320 πλαττ)
431 3255 644 3339 λισσομένοις
666 3256 840 3322 ἐκλιπανεῖ
862 3254 1018 3337 πέλαγος.

248 3379 377 3447 Frustra
393 3384 613 3456 ἐκλιπαίνειν,
638 3383 721 3466 quod
736 3400 829 3447 unam
843 3381 938 3447 habet
954 3382 1067 3464 pingue
1082 3378 1214 3444 faciendi

142 3473 419 3573 significationem,
452 3491 628 3557 traductum
660 3493 787 3571 putatur
814 3494 846 3553 et
876 3488 913 3552 de
942 3487 1021 3552 mari
1050 3482 1213 3550 sternendo

144 3590 279 3658 dictum.
328 3594 500 3677 Scripserat
520 3597 705 3678 Posidippus
728 3597 934 3667 ε’κλεανεῑ,
956 3591 1112 3674 levigabit.
1120 3588 1168 3667 *Ἶ

203 3859 230 3928 *)
249 3861 278 3915 P.
291 3863 373 3917 3000
394 3865 566 3920 scribendum
584 3865 691 3922 videtur
709 3862 758 3918 οὐκ
779 3861 815 3918 ἐν
833 3865 871 3936 τῷ
890 3861 1012 3931 στόματι,
1032 3856 1089 3913 ἀλλ’
1109 3855 1164 3913 ὑπὸ
1182 3855 1215 3911 τὸ

251 3949 338 4023 στόμα
357 3955 418 4026 (pro
438 3957 488 4026 οὐχ
506 3956 561 4013 ὑπὸ
581 3978 603 4011 κ.
624 3959 667 4026 α).

182 4047 232 4116 *²¹7
251 4047 280 4105 P.
291 4049 343 4106 330
353 4066 368 4104 c
378 4049 551 4106 scribendum
560 4051 666 4105 videtur
679 4051 826 4119 ποίησαι
839 4063 888 4118 pro
902 4041 1083 4116 ποιήσασθαι,
1092 4050 1123 4098 ut
1133 4043 1215 4098 ἔασον

251 4135 323 4210 ἡμᾶς
342 4141 467 4198 absolute
483 4142 602 4196 dicatur:
622 4143 700 4198 uobis
719 4141 826 4198 omissis
845 4155 910 4194 cure
928 4137 1126 4208 corpusculum.
