3008 4650
285 275 325 338 m
656 269 902 341 mmmm

244 475 358 540 testum
380 475 427 538 est
448 489 508 536 non
531 487 620 552 posse
641 469 777 552 separari
800 473 893 552 atque
914 468 946 534 in
968 467 1028 534 duo
1044 485 1156 552 genera
1171 467 1312 550 dispesci,

244 580 297 663 qui
329 578 388 644 dici
421 594 454 642 se
487 576 608 642 Atticos
630 575 813 654 desiderent,
844 576 876 640 et
906 574 960 658 qui
989 575 1052 656 ipsi
1079 574 1184 640 Attice
1215 574 1314 640 velint

245 686 363 761 dicerer
385 682 547 767 perspicue
569 683 651 748 enim
672 681 767 747 iidem
789 685 879 759 sunt;
914 679 970 747 sed
991 680 1043 764 qui
1064 680 1124 748 hoo
1146 680 1221 746 vitio
1243 700 1315 746 scn-

245 791 352 859 tentiae
374 788 587 856 animadverso
610 793 728 871 septem
751 790 845 855 verba
865 791 948 865 (aut
971 788 1051 853 dici
1076 835 1108 850 ..
1132 789 1203 852 aut
1223 787 1314 869 ipsi)

245 899 332 964 oncis
358 897 559 971 incluserunt,
588 893 704 960 nullam
735 895 896 962 minimam
929 893 1158 976 probabilitatis
1181 893 1315 977 speciem

246 1003 344 1072 secuti
379 1004 453 1069 sunt
487 1002 648 1085 ipsamque
685 1000 841 1068 Ciceronis
877 1001 1063 1066 sententiam
1105 1001 1315 1066 obscurarunt.

248 1111 499 1178 Obtrectatcrnm
533 1107 615 1173 enim
649 1108 788 1186 illorum,
820 1127 895 1192 quos
922 1107 1027 1173 Cicero
1057 1113 1090 1173 et
1116 1107 1167 1172 bic
1188 1110 1220 1172 et
1241 1107 1316 1172 alibi

248 1238 305 1283 non
335 1235 402 1281 raro
431 1213 598 1298 significat,
627 1214 688 1280 duo
718 1234 830 1299 genera
851 1215 984 1289 luerunt,
1008 1231 1137 1297 quorum
1159 1213 1258 1286 alteri,
1282 1217 1317 1277 ut

248 1325 302 1400 ait,
330 1323 390 1406 ipsi
420 1323 523 1386 Attice
552 1321 697 1385 volebant
724 1321 834 1403 dicere,
864 1320 954 1386 alteri
983 1319 1153 1386 modestius
1175 1337 1234 1385 non
1258 1319 1317 1386 sibi

249 1432 308 1513 ipsi
339 1429 419 1495 hanc
451 1427 574 1493 laudem
609 1427 804 1511 arrogabant,
835 1426 887 1490 sed
918 1426 1073 1510 negabant
1094 1445 1175 1492 nunc
1200 1427 1316 1499 Romae,

249 1537 302 1621 qui
323 1534 427 1601 Attice
449 1535 576 1613 diceret,
606 1553 684 1612 esse,
713 1533 890 1600 Ciceronem
921 1532 980 1598 bne
1008 1532 1205 1599 damnatione
1234 1551 1318 1598 com·

249 1644 428 1726 plectentes.
473 1642 581 1724 ltaque
603 1641 644 1707 ad
666 1639 854 1706 sententiam
876 1637 954 1702 nibil
976 1637 1039 1704 lere
1067 1638 1269 1714 desideretur,
1292 1641 1318 1704 si

250 1749 293 1815 sio
315 1749 483 1814 scribatur:
515 1748 580 1831 qui
613 1746 682 1813 aut
703 1746 942 1812 desiderant
964 1745 1127 1811 Atticos
1149 1748 1217 1810 aut
1239 1747 1318 1829 ipsi

250 1856 390 1921 Attice
413 1855 557 1920 volunt
579 1855 722 1920 dicere.
779 1853 839 1918 Sed
869 1849 950 1916 dici
972 1870 1011 1916 se
1033 1851 1084 1916 rix
1106 1870 1207 1918 errore
1230 1852 1318 1918 addi·

249 1968 317 2028 tum
340 1980 406 2026 esse
427 1962 543 2044 potest;
566 1962 671 2044 itaque
686 1962 717 2024 in
734 1959 781 2024 bis
797 1957 913 2023 litteris
927 1956 1024 2022 latere
1038 1959 1113 2040 puto
1129 1958 1319 2035 adverbium,

252 2069 333 2153 quod
367 2069 520 2152 pertineat
552 2067 590 2133 ad
623 2065 791 2133 notandum
815 2084 884 2128 eum
907 2049 1002 2130 animi
1025 2064 1178 2142 affectum,
1203 2083 1238 2129 ex
1260 2083 1318 2148 qno

252 2175 328 2241 illud
342 2173 527 2240 desiderium
540 2176 683 2240 nascatur
697 2173 751 2238 cut
766 2171 938 2247 simuletur,
955 2170 1137 2255 videturque
1148 2170 1317 2253 proximum

250 2301 316 2349 esse
352 2284 390 2348 ad
428 2282 558 2359 litteras,
595 2282 756 2346 sententiae
789 2282 895 2361 aptum
928 2275 1037 2343 odiose
1066 2282 1148 2355 (aut
1181 2277 1320 2345 odiose

252 2389 492 2456 desiderant
521 2387 707 2469 Atticos).
750 2383 1007 2462 (Invidicseil
1054 2381 1122 2448 Non
1150 2385 1252 2450 minos
1274 2387 1321 2450 te·

254 2514 337 2560 mere
358 2494 451 2579 paulo
473 2495 543 2576 post
565 2493 694 2558 delenda
716 2491 929 2576 significantur
950 2492 1058 2557 verba:
1092 2491 1189 2574 quid
1218 2492 1321 2557 enim

253 2599 308 2668 sit
327 2601 525 2679 Atticum,
549 2600 720 2666 discant.

352 2720 428 2786 lbid.
451 2719 507 2784 442
539 2737 623 2783 nam
658 2718 697 2784 et
728 2714 912 2781 invenire
935 2718 974 2781 et
994 2714 1196 2794 iudicare,
1225 2716 1321 2800 qnid

256 2826 384 2899 dicas,
418 2845 558 2909 magna
589 2824 665 2890 illa
698 2823 857 2906 quidem
890 2825 1075 2888 sunt...
1100 2823 1322 2906 .,sedpro-

253 2932 340 3016 prio
381 2932 508 3016 magis
546 2931 770 3013 prudentiae
810 2947 922 3013 quom
951 2930 1204 3013 eloquentiae.
1243 2930 1323 3010 Qua

255 3041 388 3104 tamen
421 3038 459 3101 iu
491 3054 611 3101 cansa
645 3041 706 3100 est
733 3055 857 3102 vaona
879 3035 1120 3118 prudentia?
1165 3037 1324 3103 Postrema

254 3146 320 3212 baeo
341 3162 415 3210 sana
437 3162 497 3208 non
519 3159 586 3209 esse
610 3144 643 3207 et
664 3143 860 3208 manifestum
891 3143 939 3208 est
967 3144 1000 3209 et
1028 3144 1067 3208 ab
1089 3143 1159 3208 aliis
1181 3143 1323 3209 animad-

254 3271 394 3327 versnm3
428 3269 499 3315 nam
529 3268 627 3333 neque
650 3267 717 3332 quae
744 3268 864 3316 cansa
884 3247 943 3315 hoc
965 3249 1032 3316 loco
1055 3249 1253 3336 significetur,
1275 3250 1322 3314 in·

254 3358 418 3442 telligitur,
455 3375 553 3440 neque
590 3374 714 3421 vacua
749 3355 966 3439 prudentia
1001 3375 1068 3439 quae
1101 3357 1240 3438 qualisve
1272 3357 1322 3422 sit.

256 3464 455 3547 Perspicuum
479 3468 526 3530 eat
548 3465 704 3541 (tamen)
726 3461 852 3528 subesse
875 3459 986 3527 debere
1008 3461 1184 3527 bninsmodi
1202 3465 1322 3528 senten-

254 3572 339 3645 tiam,
373 3570 496 3636 etiamsi
528 3568 615 3643 illud,
650 3569 687 3634 de
721 3585 780 3651 quo
813 3567 944 3642 dicatur,
974 3568 1131 3650 proprium
1153 3569 1323 3650 pmdentiae

255 3679 306 3755 sit,
318 3678 424 3743 tamen
444 3695 480 3742 ea
495 3695 595 3742 carere
607 3675 814 3757 eloquentiam
826 3692 886 3739 non
898 3693 996 3758 posse.
1023 3660 1226 3742 scribendum
1238 3674 1324 3741 ride·

256 3785 322 3849 tur:
346 3799 416 3869 qum
438 3783 569 3848 tamen
592 3783 722 3850 incanta
744 3781 795 3858 st,
819 3781 929 3863 <si>
952 3800 1074 3848 vaona
1096 3781 1324 3864 prudentia.

257 3889 472 3972 Eloquentiam
495 3888 659 3972 prudentia
680 3906 809 3953 vacuam
832 3886 936 3953 Cicero
967 3885 1055 3952 dicit
1073 3888 1228 3954 incautam
1257 3908 1324 3956 esse

257 4013 311 4060 nec
345 4012 380 4060 ea
413 3995 509 4060 vitare
540 4013 639 4078 posse,
671 4011 738 4076 qnae
760 3993 872 4060 oratori
893 3994 1005 4060 obsint.
1054 3994 1233 4079 Kayserum,
1257 4016 1325 4080 quoe

256 4119 316 4166 non
338 4099 537 4184 intelligeret,
570 4098 753 4181 simpliciter
774 4098 905 4166 delenda
926 4100 1115 4186 significasse
1138 4120 1197 4167 non
1221 4104 1324 4182 miror,
