3008 4650
567 313 707 368 Ciceronis
725 315 835 368 Brutus.
1133 314 1191 376 105

265 509 344 576 lbid.
385 511 459 576 169:
487 511 669 577 omnium
706 511 836 576 autern
870 491 1238 596 eloquentissimus

164 619 283 684 extra
316 619 415 684 banc
447 619 581 683 urbem
612 617 646 682 T.
677 617 870 683 Betucius
893 618 1041 683 Barrus
1063 619 1239 694 Ascula-

163 742 251 802 uus,
275 725 382 790 cuius
403 725 491 791 sunt
512 723 674 807 aliquot
695 723 892 788 orationes
914 724 1051 790 Asculi
1073 724 1235 799 habitae,

163 829 237 895 illa
270 831 394 896 Rornae
436 833 573 897 contra
605 828 826 912 Caepionem
859 830 1013 895 nobilis
1049 849 1141 896 sane
1174 833 1236 896 cet,
1352 861 1364 896 η
1459 849 1461 854 ·

164 937 335 1003 Pronomen
356 937 446 1010 ille,
468 936 547 1020 quod
569 938 600 1001 in
622 937 748 1002 renota
777 936 1015 1002 demonstranda
1041 939 1113 1019 poni
1145 937 1232 1010 solet,

163 1044 213 1108 hic
236 1045 319 1111 nullo
342 1043 432 1110 modo
453 1043 524 1107 ferri
546 1044 742 1126 potestante
770 1043 827 1108 loci
857 1062 966 1108 nornen
997 1044 1151 1128 (Bomae)
1176 1063 1236 1126 po·

163 1149 266 1226 situm,
300 1149 472 1215 seiunctum
506 1150 545 1214 ab
577 1149 674 1230 ipsius
706 1150 850 1215 orationis
887 1153 920 1216 et
955 1151 1022 1216 eins
1060 1150 1238 1216 nobilitatis
1345 1187 1348 1194 ,

163 1255 394 1344 significatione.
453 1253 653 1321 scribendum
687 1256 751 1321 est:
790 1255 902 1322 euius
941 1256 1036 1320 suut
1072 1256 1239 1339 aliquot

163 1361 371 1428 orationes
393 1361 534 1427 Asculi
556 1362 720 1440 habitae,
743 1379 809 1430 una
830 1363 973 1441 Bomae,
997 1364 1137 1428 contra
1160 1365 1238 1430 Cae·

161 1468 333 1549 pionem.
356 1466 507 1533 nobilis
529 1486 622 1533 saue
645 1469 702 1532 cet
1230 1464 1234 1471 ’

263 1574 339 1640 lbid.
356 1575 432 1640 187:
455 1574 582 1655 Quare
605 1575 760 1640 tibicen
782 1574 1056 1659 Antigenidas
1078 1575 1238 1642 dixerit

162 1680 366 1764 discipulo
389 1699 482 1746 sane
503 1679 677 1764 frigenti
699 1680 746 1746 ad
763 1681 968 1762 populum:
993 1681 1111 1756 „Mihi
1135 1700 1236 1747 cane

55 1847 58 1853 .
163 1789 202 1852 et
238 1785 403 1864 Musis“;
452 1805 522 1872 ego
559 1787 652 1853 huic
686 1788 811 1853 Bruto
848 1787 1004 1853 dicenti
1048 1835 1086 1850 ..
1129 1787 1235 1868 apud

159 1893 468 1960 multitudinem
491 1894 609 1971 „mihi
632 1912 726 1960 cane
748 1896 786 1959 et
807 1895 971 1977 populo,
1000 1895 1048 1959 mi
1071 1895 1229 1970 Brute,“

160 1999 328 2065 dixerim
351 2000 409 2065 cet.
463 1999 500 2064 ln
528 1999 586 2065 hoo
614 2001 775 2066 verborum
799 2001 903 2067 ordine
932 2001 1114 2068 adverbium
1136 2019 1236 2092 sane

161 2106 332 2172 necessario
356 2125 427 2172 cnm
448 2106 622 2190 frigenti
643 2106 841 2192 coniungitur
857 2111 1050 2193 exoriturque
1066 2108 1235 2175 affirmatio

161 2215 193 2278 et
207 2213 361 2281 concessio
377 2230 500 2297 prorsus
518 2212 632 2296 inepta,
655 2215 760 2298 negari
771 2234 831 2280 nou
845 2235 934 2298 posse
947 2218 1061 2299 populo
1072 2215 1235 2281 tibicinem

158 2319 248 2385 illum
280 2319 492 2402 displicuisse;
523 2319 602 2384 banc
630 2325 736 2386 antam
764 2323 863 2404 ipsam
886 2308 1146 2408 significationem
1168 2321 1232 2386 alio

160 2427 226 2492 loco
266 2425 356 2510 plane
395 2425 525 2510 requirit
568 2428 737 2502 sententia3
781 2427 860 2494 nibil
899 2430 980 2496 enirn
1019 2448 1051 2495 se
1087 2445 1233 2494 recusare

160 2533 264 2599 Cicero
296 2532 384 2608 dicit,
417 2534 490 2616 quin
521 2532 566 2597 sic
596 2533 799 2616 Antigenidas
832 2535 984 2618 loquatur,
1014 2533 1075 2601 sibi
1096 2534 1228 2598 Brutum

160 2640 248 2705 aliter
272 2638 491 2722 alloquendum
519 2657 595 2703 esse.
651 2639 806 2723 Scriptum
837 2642 933 2726 igitur
962 2643 1076 2706 luerat:
1099 2639 1231 2718 Quare

160 2746 316 2812 tibicen
338 2745 612 2829 Antigenidas
634 2746 788 2812 dixerit
809 2768 903 2814 sane
926 2746 1130 2829 discipulo
1153 2745 1228 2810 fri-

160 2853 273 2938 genti
295 2852 342 2916 ad
364 2832 409 2935 p'o
418 2853 552 2933 pulum
574 2842 631 2917 cet.
682 2853 810 2921 Prorsus
839 2854 963 2940 gemina
990 2854 1056 2919 haec
1084 2852 1235 2918 correctio

160 2961 208 3026 est
229 2959 269 3036 ei,
291 2977 351 3041 qua
373 2958 464 3039 paulo
486 2961 557 3022 ante
580 2963 600 3040 ξ
624 2960 684 3023 150
705 2962 752 3025 usi
775 2980 881 3025 sumus
898 2960 930 3044 *)

260 3064 336 3129 lbid.
357 3065 433 3129 197:
456 3066 504 3129 At
525 3083 633 3140 vero,
657 3068 699 3130 nt
721 3071 859 3132 contra
882 3067 1051 3134 Crassus
1073 3067 1118 3132 ab
1141 3065 1229 3132 ado·

214 3305 241 3374 ³¹¹)
261 3305 348 3361 Simili
366 3305 583 3374 transpositione
602 3312 666 3362 ante
684 3307 745 3378 plus
765 3307 963 3377 qninquaginta
982 3325 1068 3364 annos
1082 3307 1232 3374 (Emenda-

261 3400 350 3456 tiones
362 3399 500 3455 Ciceronis
516 3400 647 3454 librorum
658 3400 691 3456 de
700 3401 784 3471 Legg.
795 3403 918 3458 etAead.
928 3420 954 3472 p.
967 3403 1029 3471 171)
1048 3401 1130 3456 aliurn
1148 3401 1231 3455 Bruti

260 3493 351 3548 locum
370 3493 465 3548 sanavi
482 3493 506 3560 (ἓ
526 3494 598 3562 230),
625 3493 672 3548 ubi
700 3497 791 3550 omnia
813 3501 889 3551 rectu
907 3501 934 3550 et
951 3495 1035 3564 plana
1054 3501 1125 3558 sunt,
1146 3493 1169 3547 si
1188 3493 1228 3547 sic

262 3586 404 3641 scribitur:
434 3586 461 3641 si
490 3586 621 3654 quidem
648 3593 681 3642 et
708 3587 829 3644 Crasso
855 3589 929 3644 rivo
954 3587 1066 3642 dicere
1095 3585 1234 3641 solebat.

261 3680 448 3748 (Hortensius)
466 3685 500 3734 et
519 3680 622 3749 magis
640 3681 705 3736 iarn
725 3681 825 3736 etiam
843 3681 979 3750 vigebat
999 3697 1068 3734 cum
1079 3680 1228 3734 Antonio

264 3778 307 3842 et,
325 3773 483 3843 Philippo
503 3773 566 3828 iam
585 3789 663 3828 sene
675 3790 733 3843 pro
748 3773 961 3843 CnPompeii
975 3772 1073 3828 bonis
1086 3773 1227 3842 dicente,

259 3865 296 3920 in
323 3863 387 3921 illa
415 3882 524 3935 causa,
543 3865 745 3922 adolescens
770 3883 839 3921 cum
862 3871 966 3934 esset,
983 3867 1143 3936 princeps
1161 3864 1234 3921 fuit,

261 3964 312 4013 cet.
355 3959 388 4013 In
420 3959 560 4015 codicibus
593 3960 731 4014 scribitur:
761 3959 897 4030 vigebat
923 3959 1069 4014 Antonio
1098 3963 1130 4013 et
1158 3973 1228 4012 cum

258 4051 425 4121 Philippo.
449 4052 512 4106 Non
531 4051 670 4108 desierunt
688 4053 807 4108 editores
826 4058 953 4122 satagere
970 4068 1054 4122 prave
1075 4051 1233 4106 enarrando

259 4147 307 4200 aut
324 4143 521 4201 violentissime
539 4146 678 4201 mutando.
