3012 4652
300 306 359 366 m
663 302 927 372 mmmm

357 502 436 566 Ibid.
459 503 493 567 9:
526 504 583 567 sie
615 520 708 567 vero
741 504 856 566 erant
884 500 1091 582 disposita
1111 499 1321 582 praesidia,

257 610 317 688 ut,
339 608 531 691 quomodo
553 608 731 674 hostium
759 608 897 672 aditus
918 606 1013 672 urbe
1035 607 1324 690 prohibentur,

224 777 228 787 ,
258 714 317 780 ita
348 716 539 781 castellis
572 716 612 780 at
645 714 836 798 oporibus
872 715 919 779 ab
951 714 1209 798 ingressione
1245 713 1324 778 ieri

261 821 447 904 populum
472 823 741 907 tribunosque
771 820 880 904 plebi
901 822 1138 905 propulsari
1159 819 1323 886 videres.

258 927 359 1011 Opera
391 930 423 993 et
455 927 582 994 castella
616 928 655 994 ad
689 929 826 994 bostium
852 927 1099 1010 prohibiliouem,
1122 947 1182 994 non
1204 927 1244 992 ad
1264 927 1324 991 fou'

256 1034 430 1119 ingressum
456 1035 610 1118 pertinere
638 1034 838 1101 manifestum
861 1038 918 1101 est.
973 1034 1177 1102 Scribendum
1209 1033 1324 1118 igitur:

257 1145 315 1222 ut,
339 1141 533 1225 quomodo
555 1142 736 1208 hostium
764 1140 901 1207 aditus
932 1142 1029 1208 urbe
1056 1141 1324 1226 prohibentur

256 1247 447 1314 castellis
480 1252 519 1314 et
552 1249 758 1331 operibus,
791 1249 851 1313 ita
880 1250 926 1315 ab
959 1248 1214 1333 ingressione
1246 1249 1324 1313 fori

258 1357 316 1421 oet.
364 1355 483 1419 Erroris
504 1373 597 1421 causa
617 1355 713 1421 fuisse
743 1353 875 1433 videtur,
905 1356 987 1445 quod
1016 1355 1161 1422 librarius
1188 1373 1248 1420 non
1277 1355 1323 1420 in·

258 1461 412 1547 telligerel
441 1461 592 1528 ablativos
615 1462 733 1528 diverso
755 1462 845 1528 modo
867 1462 906 1526 ad
928 1462 1197 1544 prohibentur
1217 1462 1326 1528 referri

257 1567 408 1644 (drumm.
432 1568 499 1632 Lal.
523 1570 542 1652 ξ
565 1569 625 1633 278
649 1576 689 1647 a).
733 1569 814 1651 [Hoc
834 1569 896 1634 iam
924 1570 998 1634 unte
1025 1571 1084 1634 tria
1110 1571 1222 1636 saecula
1243 1568 1325 1652 apud

257 1677 380 1742 luntam
402 1679 583 1758 occupatum
606 1679 682 1755 erat,
702 1679 810 1758 postea
825 1676 864 1741 ab
876 1675 1021 1742 Ernestio
1039 1677 1224 1759 probatum]

358 1783 436 1847 ibid.
459 1781 515 1846 21:
549 1786 679 1847 tamen
713 1782 935 1864 separatim
969 1801 1038 1847 suo
1069 1783 1225 1848 nomine
1257 1797 1344 1847 uo-·

259 1889 380 1954 tanda
414 1906 575 1967 censeo,
611 1889 950 1972 iudicandumque
982 1889 1121 1954 nullos
1150 1890 1326 1972 septem·

260 1997 367 2060 viros
389 1994 535 2068 luisse,
557 1995 664 2060 nibil
686 1995 849 2078 plaeere
870 1998 1000 2061 ratum
1023 2015 1128 2073 esse,
1152 1995 1259 2078 -quod
1281 1995 1325 2059 ab

258 2102 312 2166 iis
345 2104 474 2166 actum
510 2088 727 2167 diceretur.
781 2102 985 2185 Apertissime
1012 2102 1116 2168 Cicero
1140 2121 1219 2168 nuno
1240 2105 1272 2167 et
1292 2103 1325 2167 in

258 2209 414 2291 posterum
445 2207 534 2273 irrita
566 2227 633 2273 esse
665 2208 743 2289 vult,
777 2229 845 2293 quae
878 2211 945 2294 quis
973 2211 1011 2275 ab
1041 2209 1103 2274 illis
1132 2207 1326 2291 septemviris

257 2318 330 2380 ante
361 2319 431 2381 aeta
470 2333 548 2381 nunc
584 2316 667 2382 dicat
700 2315 876 2382 dicturusve
913 2317 963 2382 sit.
1023 2305 1204 2398 Scripserat‘
1231 2315 1326 2400 igitur

256 2421 395 2496 dicetur,
416 2440 476 2487 non
499 2420 716 2489 diceretur.
727 2421 759 2501 ²¹³)

359 2528 509 2608 lbid.Xl,
533 2529 589 2594 36:
613 2531 913 2608 Animadverti,
936 2531 1075 2614 patres
1099 2532 1324 2613 conscripti,

257 2635 401 2701 exaudi
422 2636 482 2700 rui
503 2636 624 2701 etiam
652 2637 817 2702 nimium
842 2655 861 2702 a
882 2655 939 2702 mo
955 2637 1140 2715 Brutum,
1161 2637 1326 2703 nimium

255 2742 438 2808 Cassium
462 2743 613 2820 ornari,
642 2743 784 2808 Cassio
806 2763 898 2810 vero
920 2743 1129 2809 sententia
1152 2762 1234 2810 mea
1256 2743 1325 2809 do·

177 2845 181 2854 ’
258 2849 451 2914 minatum
496 2853 534 2914 et
570 2850 842 2932 principatum
881 2851 977 2914 dari.
1038 2850 1239 2917 Manifestum
1277 2858 1326 2916 est

255 2955 432 3021 Ciceronem
459 2955 497 3020 de
518 2955 657 3036 aliorum,
687 2974 746 3021 nou
775 2957 812 3022 de
842 2975 897 3022 sno
924 2955 1037 3023 iudicio
1060 2956 1171 3023 dicere.
1215 2959 1325 3043 Itaque

164 3113 169 3123 ,
257 3059 371 3126 rectius
393 3060 468 3126 olim
491 3060 664 3146 Naugerius
692 3083 785 3146 qnam
812 3083 909 3148 nuper
931 3063 1075 3129 Halmius
1099 3065 1323 3149 Kapsemsque,

255 3186 389 3251 quornm
420 3187 435 3233 e
466 3167 618 3252 scriptura
647 3170 848 3247 (exaudiri
870 3207 910 3218 —
940 3171 1142 3249 exaudivi)
1172 3173 1325 3238 sententia

255 3275 422 3358 probabilis
445 3275 524 3342 effici
547 3294 607 3342 nou
630 3279 742 3361 potest.
794 3277 853 3343 Sed
875 3278 914 3343 ad
937 3277 1076 3344 codicum
1098 3278 1231 3364 vestigia
1253 3297 1324 3364 pro-

256 3383 327 3465 pius
363 3383 507 3449 accedero
545 3385 634 3451 licet:
675 3385 973 3463 Animadverti,
1014 3403 1043 3468 p.
1077 3404 1120 3462 c,
1157 3390 1192 3452 et
1228 3385 1324 3453 audio

256 3488 361 3556 videri
382 3490 504 3556 etiarn
527 3492 692 3556 nimium
714 3511 732 3556 a
753 3511 810 3556 me
832 3493 1015 3570 Brutum,
1042 3490 1208 3557 nimium
1230 3492 1325 3558 Cas·

256 3596 358 3661 sium
381 3598 533 3678 ornari,
557 3597 696 3664 Oassio
719 3617 808 3663 vero
832 3603 888 3664 cet.
928 3599 1015 3664 Nibil
1032 3599 1089 3678 est,
1106 3599 1324 3664 curtollantur

256 3703 348 3769 verba
370 3702 531 3769 nimium
555 3705 746 3771 Caesium.
799 3705 935 3771 Primum
957 3706 1161 3771 communiter
1183 3706 1219 3770 de
1241 3706 1322 3771 utro·

252 3828 316 3892 que
338 3809 460 3887 dicitur,
484 3811 594 3878 deinde
617 3811 655 3876 de
677 3811 783 3877 Cassio
806 3811 982 3894 separatim.

309 4053 335 4118 *)
354 4053 368 4122 5
386 4052 422 4107 42
430 4054 544 4108 Antonii
562 4068 662 4108 nornen
680 4052 927 4110 incommodissime
946 4054 1007 4111 loco
1027 4073 1042 4112 e
1062 4057 1186 4125 margine
1204 4055 1322 4124 irrepsit,

356 4147 505 4216 ascriptum
522 4146 558 4202 ad
575 4146 718 4202 hominis
736 4146 1015 4216 impotentissimi
1034 4149 1254 4220 appellationem.
