3008 4650
337 248 453 350 Μ’
630 285 957 380 Ιιιιιιοιμιι.

293 483 405 572 populi
426 485 571 560 luisse,
593 486 630 549 ut
649 484 717 548 tota
738 483 893 549 sententio
918 481 984 548 hac
1012 481 1120 548 luerit:
1152 482 1356 549 Terrorem

294 591 506 658 maximum
526 588 665 674 populi
686 589 815 654 luisse
837 588 979 654 summi
1001 586 1179 671 periculi
1200 589 1258 654 cet

396 720 474 786 lbid.
498 719 555 784 72:
590 719 702 783 Hunc
723 720 766 784 tu
789 718 929 796 etiam,
951 719 1190 800 portentosa
1210 718 1357 800 pestis,

294 827 474 894 exsulem
510 823 718 909 appellare
753 831 950 891 aususles
978 869 986 886 .
1011 870 1017 887 .
1041 827 1074 889 .?
1120 823 1282 908 Nusquam
1317 825 1360 891 sic

294 935 399 1001 Cicero
421 932 602 1016 pronomine
623 931 684 998 hio
706 929 744 996 de
766 949 799 998 se
828 931 942 1005 ratitum
975 930 1110 997 debebat
1139 931 1250 996 saltem
1284 927 1358 997 dici:

295 1043 407 1107 Hunc
429 1042 470 1104 lu
492 1037 687 1103 hominem
711 1037 769 1103 cet.
814 1037 876 1103 Sed
897 1037 964 1104 sine
987 1036 1078 1104 dubio
1096 1035 1200 1104 Cicero
1222 1035 1359 1120 scripsit:

296 1143 1359 1228 lliotuetiam‚p.p,exsulem<me>appellureausus

295 1273 333 1320 es
355 1299 363 1315 .
387 1299 395 1315 .
417 1255 448 1316 θ
495 1250 573 1316 (lam
597 1249 761 1316 excidisset
782 1269 839 1316 me
861 1254 931 1335 post
949 1272 1039 1327 -em,
1068 1252 1108 1317 ad
1130 1249 1277 1316 orationis
1300 1249 1358 1317 lor·

294 1379 377 1426 mam
401 1358 582 1441 explendem
604 1373 639 1420 ex
659 1355 723 1421 hio
744 1356 861 1424 iactum
882 1362 930 1425 est
951 1357 1103 1437 hunc.*)

398 1488 475 1555 lbid.
498 1485 555 1552 96:
583 1503 744 1569 remque
773 1487 976 1570 publicam
1008 1487 1223 1554 concidere
1245 1487 1359 1553 unios

297 1597 484 1663 discessu
506 1610 617 1678 quarn
642 1594 815 1660 omnium
837 1591 1360 1660 interitaocoideremolni.

295 1703 340 1768 Ex
371 1701 558 1780 condere,
593 1698 676 1785 qaod
708 1701 739 1765 in
768 1699 795 1765 Ρ
824 1720 842 1767 a
870 1700 970 1784 prima
1001 1721 1095 1766 menu
1126 1698 1277 1782 scriptum
1305 1702 1361 1780 est,

295 1809 467 1879 laciendum
486 1809 551 1874 erat
568 1824 626 1873 non
650 1807 877 1887 concidere,
900 1804 984 1892 qaod
998 1825 1093 1891 prope
1108 1805 1190 1873 idem
1205 1807 1254 1872 est
1269 1811 1361 1892 atque

296 1917 497 1993 occidere,
525 1913 581 1980 sed
603 1912 780 1993 considere,
811 1915 868 1981 hoo
890 1918 947 1995 est,
971 1914 1197 1998 aliquantisper
1218 1913 1361 1998 conquie-

296 2041 389 2099 scere,
412 2020 493 2104 qood
516 2021 660 2086 effectum
684 2024 733 2086 est
753 2021 910 2088 Ciceronis
931 2020 1076 2088 discessu.

397 2149 566 2216 ieiuno:
590 2151 699 2215 Hanc
721 2168 803 2224 vos,
827 2151 1069 2232 pontifices,
1092 2151 1263 2225 tantam,
1283 2151 1362 2215 tam

299 2260 464 2337 variam,
486 2258 564 2322 tam
587 2272 724 2322 novam
745 2255 783 2321 in
806 2259 909 2323 omni
931 2275 1078 2342 genere
1099 2256 1361 2336 voluntatem,

298 2364 609 2448 impudentium,
638 2362 864 2444 audaciam,
887 2364 1161 2447 cupiditatem
1182 2380 1363 2446 compro-

297 2469 477 2538 babitis?
530 2471 605 2538 Gom
642 2470 817 2537 nominibus
853 2469 998 2536 vitiorum
1042 2469 1362 2553 (impudentiam,

297 2579 392 2655 aud„
425 2585 524 2662 cop.)
555 2595 648 2661 prave
681 2578 878 2662 coniungitur
907 2577 1076 2644 voluntatis
1103 2593 1221 2651 nomen.
1247 2575 1281 2642 in
1303 2595 1363 2660 quo

297 2686 383 2752 nulla
404 2689 452 2752 est
473 2684 679 2769 reprehensio.
724 2683 880 2768 Scriptum
898 2685 1014 2752 iuerat:
1036 2684 1076 2749 in
1098 2683 1205 2750 omni
1226 2681 1363 2769 genere

297 2794 501 2861 voluntatum
521 2791 817 2874 impudentiam
839 2794 897 2858 oet.
940 2791 976 2856 In
1004 2792 1151 2858 varietate
1167 2791 1360 2857 voluntatum

298 2900 521 2983 impudentiam
549 2902 710 2981 ceteroque
738 2897 815 2964 vitia
843 2900 990 2981 perpetua
1018 2897 1112 2964 inisse
1140 2901 1241 2964 orator
1267 2897 1364 2981 signi·

297 3005 378 3071 licat.
433 3004 533 3085 Quam
563 3003 652 3070 facile
682 3006 843 3089 genetivus
871 3005 964 3070 unias
991 3003 1107 3070 litteren
1133 3003 1302 3068 mutatione
1323 3003 1361 3069 ad

297 3117 360 3178 tres
382 3110 569 3178 accusativos
591 3110 839 3177 accommodatus
861 3112 913 3188 sit,
935 3112 1071 3194 apparet.

400 3238 478 3305 lbid.
504 3240 579 3305 118:
613 3239 721 3304 Hanc
748 3241 791 3305 tu
818 3239 948 3325 igitur
971 3238 1273 3308 dedicationem
1295 3255 1361 3325 ap·

298 3346 446 3429 pelles,
478 3346 660 3430 adquam
683 3364 755 3411 non
778 3346 1011 3432 collegium,
1040 3365 1112 3412 non
1144 3347 1363 3414 honoribus

298 3453 436 3536 populi
461 3452 624 3519 Romani
646 3454 829 3518 ornatum
857 3453 1115 3536 pontificem,
1148 3474 1220 3521 non
1245 3455 1363 3520 'deni-

299 3577 373 3642 que
405 3559 707 3626 adolescentem
741 3575 990 3644 quemqaam‚
1021 3581 1104 3627 cunr
1134 3560 1303 3628 haberes
1324 3560 1384 3626 in

279 3664 477 3751 'collegio
519 3665 888 3745 familiarissimos,
930 3667 1124 3732 adhibere
1161 3667 1363 3750 potuisti?

298 3773 341 3837 At
361 3773 452 3837 affuit
473 3771 652 3839 adolescens
675 3774 768 3839 irater
789 3775 890 3839 uxoris
912 3773 1020 3839 Clodii.
1067 3773 1246 3840 Mendosam
1269 3772 1363 3859 igitur

298 3945 531 3954 mm—

353 4042 380 4102 *l
399 4042 414 4111 5
434 4042 467 4097 73
486 4061 546 4099 cum
566 4044 726 4100 communi
743 4045 791 4117 (τῷ
803 4046 896 4116 κοινῷ)
910 4045 1084 4114 coniungitur
1102 4061 1157 4100 non
1175 4044 1364 4111 consilium,

400 4137 448 4190 sed
467 4134 617 4193 concilium
638 4135 878 4204 (conciliabulum).
