3008 4654
589 290 678 346 Iulius
697 289 865 348 Rufinianus.

564 487 666 586 Iulius
687 487 887 558 Rufinianus.

673 633 774 709 (me.)

289 801 310 879 ξ
346 800 365 860 2
397 800 440 877 (in
475 799 612 881 exemplo
645 799 872 875 Oieerenian0):
905 798 1141 865 Potuistine
1174 818 1259 866 een-

190 906 454 971 tumeliosius
475 905 675 983 faeere‚si
698 905 778 972 tibi
800 905 1078 971 heeParmeno
1101 905 1259 989 alloqui

191 1029 233 1075 ae
255 1028 328 1076 non
358 1011 443 1094 ipse
468 1012 660 1077 Parmeno
689 1011 949 1078 nuntiasset?
979 1011 1195 1078 Scribendum:
1225 1013 1258 1078 si

108 1193 112 1202 Ι
188 1117 265 1182 tibi
296 1117 366 1185 hoe
387 1121 491 1202 <a>
515 1117 711 1186 Parmenone
741 1117 858 1203 uliquis
887 1138 928 1184 ae
957 1138 1030 1184 non
1052 1119 1138 1201 ipse
1163 1120 1256 1184 Par-

190 1227 566 1292 mene-nuntiasset.

288 1335 307 1411 ξ
344 1333 382 1394 10
416 1333 460 1408 (in
493 1332 630 1414 exemplo
660 1330 817 1410 Catonis):
852 1331 892 1397 Si
925 1351 992 1397 vos
1027 1334 1063 1397 in
1098 1351 1140 1397 eo
1172 1333 1256 1399 leae

187 1437 354 1522 essetis,
378 1438 471 1521 quid
495 1435 608 1502 aliud
631 1437 854 1503 faceretis?
886 1438 1105 1504 Scribendnm:
1128 1440 1166 1504 Si
1189 1459 1257 1505 ves

187 1560 256 1613 meu
293 1544 378 1609 loeo
415 1544 582 1623 essetis,
626 1543 719 1627 qnid
761 1542 871 1608 alind
911 1546 1130 1612 faceretis?
1194 1544 1253 1622 (Of.

189 1649 332 1715 mendum
368 1652 441 1716 olim
475 1653 646 1717 correctum
679 1648 760 1732 apud
793 1648 855 1716 Ciu.
889 1669 943 1733 pre
975 1652 1063 1716 Rosa.
1095 1652 1166 1715 Am.
1191 1652 1255 1728 73.)

188 1755 353 1838 [Correetio
370 1756 543 1821 adhibenda
557 1757 658 1822 inerat
673 1756 735 1821 iam
751 1755 833 1839 apud
850 1756 1071 1836 Quintilianum
1083 1756 1138 1835 IX,
1150 1757 1179 1834 2,
1193 1758 1254 1839 ii]
1340 1767 1344 1774 ·

657 2005 779 2073 Festus.

286 2175 321 2238 P.
336 2175 522 2270 129(Msrli.)
536 2197 563 2242 v.
577 2173 789 2241 manubiae:
804 2174 968 2252 Alienae,
985 2194 1065 2259 quae
1080 2155 1255 2239 maiores

184 2281 269 2346 sint
298 2299 341 2347 ae
362 2282 529 2348 veniant
551 2301 635 2347 eum
657 2282 818 2364 fragore
841 2281 1155 2364 discutiantque
1184 2284 1253 2346 aut

184 2386 404 2467 divellant,
439 2409 520 2472 quae
553 2409 571 2454 a
601 2389 696 2453 leve
726 2387 810 2452 sint
832 2391 870 2451 ei
892 2387 1068 2452 consilio
1091 2386 1252 2451 deornm

43 2506 48 2517 ‘
184 2493 295 2557 mitti
317 2494 612 2560 existimentur.
659 2492 877 2559 scribendum:
909 2511 990 2574 quae
1020 2512 1038 2557 a
1069 2493 1159 2558 leve
1183 2493 1252 2560 sine

183 2589 364 2664 eonsilin'
381 2599 541 2677 deorum
565 2599 675 2665 mitti
700 2599 997 2665 existimentur.
1021 2598 1139 2664 ibidem
1156 2599 1249 2681 paule

183 2708 266 2787 pest:
303 2724 383 2787 quae
416 2709 567 2770 statum
597 2707 753 2772 mutent
786 2704 1150 2771 deorum-eonsilio
1183 2724 1245 2769 su·

183 2809 391 2892 periurum.
442 2812 660 2878 scribendum:
694 2829 774 2898 quas
806 2811 906 2878 statui
934 2812 1053 2897 putent
1085 2810 1246 2876 deorum

182 2917 357 2983 oonsilio
390 2918 652 3000 superiorum.
703 2918 749 2984 De
771 2909 916 2999 putent
938 2917 975 2980 ei.
999 2917 1138 2998 superins
1161 2917 1250 2981 exi-

182 3024 409 3089 stimentur.
1016 3103 1020 3114 ‚

283 3131 317 3193 P.
345 3131 419 3196 134:
454 3132 595 3196 Maesnn
625 3149 796 3213 persona
826 3129 976 3195 uomica
997 3129 1247 3212 appellatur„

182 3241 250 3299 aut
286 3239 401 3319 eoqui
441 3240 509 3303 ant
544 3240 671 3303 nantae
710 3238 778 3301 aut
815 3237 901 3301 eius
936 3235 1109 3320 generis.
1164 3234 1248 3298 Diei

183 3342 229 3407 ab
250 3340 464 3407 inventore
487 3343 573 3408 eins
596 3342 765 3409 Maesone
788 3342 975 3418 eemoedo,
1011 3343 1054 3404 nt
1077 3338 1134 3404 ait
1157 3338 1247 3402 Ari-

184 3448 402 3530 stophanes
428 3448 731 3514 Grammaticus.
767 3448 985 3513 Scribendum:
1010 3482 1047 3494 ω
1071 3447 1157 3510 eius
1179 3465 1247 3530 gez

183 3555 308 3632 neris,
332 3553 419 3620 dieta
441 3555 487 3619 ab
508 3554 721 3620 inventore
744 3555 802 3619 eet.
