3008 4654
303 331 364 397 236
668 333 730 388 Lib.
747 331 784 388 Π.
804 327 871 404 Cap.
889 333 923 390 V.

362 529 442 597 lbid.
476 530 532 595 17:
565 531 606 596 at
634 530 856 614 Vologeses
884 529 932 597 ad
959 529 1187 597 Corbulone
1216 529 1339 595 missi

261 638 414 717 nuntii,
446 637 686 703 detraheret
720 636 900 704 castelle
932 641 991 701 cet.
1048 635 1095 702 llx
1127 635 1185 701 hac
1216 635 1342 701 codicis

262 743 393 810 iledioei
416 745 568 828 scripturo
598 740 733 808 efficitur
759 761 883 809 verum:
915 741 957 810 ab
986 740 1145 828 Vologese
1166 741 1215 807 ad
1236 740 1332 807 Gor-

261 851 447 918 buloncm
481 850 597 916 missi
628 847 773 915 nuntii.
821 849 993 915 Gonebrus
1023 847 1268 934 (Vologesis)
1300 847 1343 913 ct-

262 956 330 1024 loco
353 959 385 1022 et
406 957 560 1023 sententia
580 956 705 1038 ineptus
726 959 784 1021 ost.

362 1097 509 1164 ibile:
533 1097 708 1164 Necdum
731 1097 760 1182 p’
783 1099 914 1164 metus
935 1101 1003 1163 aut
1025 1097 1211 1163 rediebat
1232 1094 1344 1162 lebis-

264 1210 369 1288 (supra
391 1203 412 1270 b
433 1203 547 1290 scripto
567 1212 625 1284 u).
642 1251 650 1268 .
667 1252 674 1268 .
691 1202 839 1287 (spatium
858 1205 952 1271 trium
975 1203 1163 1280 litterarum)
1186 1220 1333 1267 rursum

263 1312 477 1392 grassatus
512 1312 621 1395 iguis
653 1309 812 1393 patulis
844 1313 972 1396 magis
1004 1310 1117 1376 urbis
1148 1306 1252 1376 locis
1273 1311 1334 1374 cot.

264 1414 383 1481 Omitto
405 1416 545 1482 refellere
567 1417 755 1483 coniecturas
778 1436 796 1482 a
819 1418 960 1484 codicum
987 1416 1129 1502 vestigiis
1161 1415 1256 1499 longo
1283 1433 1334 1480 re-

263 1521 406 1589 cedentes
444 1542 499 1590 uec
536 1522 666 1590 orationi
703 1527 735 1589 et
770 1525 931 1590 sententia
968 1524 1058 1608 plane
1095 1521 1343 1590 satisfacientes.-

263 1627 413 1695 Veritatis
435 1629 628 1695 inveniendae
650 1631 764 1697 indicia
785 1629 983 1695 continentur
1007 1629 1142 1714 primurn
1171 1626 1335 1712 particulis

265 1736 494 1802 necdum..
521 1744 606 1813 aut,
639 1741 705 1802 tum
739 1737 853 1802 litteris
886 1735 993 1802 lebis
1029 1737 1061 1802 et
1093 1736 1192 1818 spatio
1224 1753 1330 1800 vacuo.

264 1841 467 1909 Scribendum
504 1843 646 1908 ridetur:
689 1841 866 1910 Necdum
909 1842 1057 1930 demptus
1100 1845 1229 1908 metus
1265 1841 1337 1906 aut

264 1948 414 2016 redierat
434 1947 521 2036 plebi
542 1967 631 2036 spes,
653 1968 811 2016 rursum
834 1951 1009 2035 grassatur
1030 1949 1139 2034 ignis
1162 1955 1220 2014 cet.
1271 1947 1346 2013 lui·-

263 2055 345 2120 tium
362 2055 465 2121 mendi
480 2058 587 2121 natum
603 2058 651 2121 est
669 2075 705 2120 cx
726 2056 842 2121 litteris
864 2059 949 2122 dum
974 2063 1006 2123 et
1028 2055 1115 2122 dom
1136 2054 1345 2122 continuatis.-

365 2207 445 2274 Ibid.
489 2207 547 2273 43:
595 2207 670 2274 ianr
717 2227 818 2292 aqua
862 2210 1113 2294 privatorum
1157 2206 1336 2275 licentia

264 2314 500 2397 intercepta
521 2333 595 2398 quo
616 2313 773 2400 largior
801 2317 841 2382 et
865 2315 1054 2400 pluribus
1076 2316 1177 2382 locis
1199 2316 1239 2381 in
1262 2334 1335 2398 pu-

265 2420 415 2488 blicum
455 2420 623 2498 flueret,
660 2423 867 2499 custodes,
911 2423 951 2486 et
986 2421 1174 2487 subsidia
1208 2420 1335 2504 repri-

266 2527 421 2594 mendis
453 2526 618 2611 ignibus
651 2529 690 2594 in
724 2529 940 2614 propatulo
962 2529 1133 2612 quisque
1155 2529 1344 2594 haberet,-

267 2633 368 2700 Nimis
404 2633 481 2700 duro
517 2633 724 2717 interponitur
756 2654 792 2701 ac
826 2654 912 2718 paeno
949 2634 1092 2702 obiicitur
1126 2634 1339 2702 nominativus

165 2791 167 2797 ι
266 2742 458 2807 custodes
487 2742 519 2806 in
550 2760 627 2807 novo
655 2740 803 2808 instituto
833 2742 967 2808 notando
993 2748 1044 2818 (-
1070 2761 1140 2808 nam
1163 2743 1194 2807 in
1216 2742 1335 2807 descri-

267 2846 366 2912 bendo
388 2865 491 2912 rerum
509 2849 593 2912 statu
608 2848 773 2914 admodum
791 2849 925 2915 breviter
940 2848 1162 2914 nominativum
1178 2848 1334 2914 interdum

266 2954 404 3020 a'lacito
428 2954 497 3035 poni
521 2973 581 3019 non
605 2973 674 3020 sum
696 2954 814 3020 oblitos
840 2962 899 3033 -),
924 2955 1092 3038 presertim
1112 2954 1256 3020 adiuncto
1278 2954 1346 3020 illo·

265 3061 305 3125 et
327 3060 511 3124 subsidia
616 3061 786 3146 quisque
808 3060 985 3127 haberet.
1009 3062 1131 3139 Vereor,
1155 3063 1345 3128 neTacitus

267 3166 439 3248 scripserit:
464 3166 654 3233 custodes
669 3169 871 3250 <esscnt>,
888 3168 928 3233 et
948 3166 1133 3234 subsidia
1150 3172 1208 3235 cet.
1232 3169 1346 3235 Facile-

247 3273 391 3356 ›quidem
415 3271 541 3338 verbum
562 3272 699 3339 excidero
720 3273 893 3356 poterat.*)

366 3611 505 3665 hominum
524 3610 721 3666 obversabatur
739 3614 872 3668 momoria
889 3629 944 3667 non
963 3611 1085 3681 cladis,
1108 3613 1156 3668 sed
1174 3613 1260 3684 pacis,
1279 3630 1348 3682 qua..

367 3704 459 3758 clades
477 3705 564 3759 vitata
583 3711 650 3760 erat.

319 3797 346 3866 *)
364 3797 443 3852 Initio
463 3798 568 3867 capitis,
588 3799 716 3866 quoniam
734 3815 806 3854 nunc
824 3805 932 3855 constat
950 3801 978 3854 iu
997 3799 1092 3856 codice
1109 3799 1181 3854 Med.
1202 3800 1335 3870 scriptum

368 3905 430 3944 esse
457 3891 579 3959 domni,
609 3907 640 3947 eo
668 3893 755 3960 magis
775 3909 868 3948 eorum
887 3892 1025 3947 sententia
1043 3892 1183 3960 sequenda
1200 3899 1268 3961 crat,
1287 3894 1346 3961 qni.

368 3983 491 4038 viderant
511 3984 636 4040 Tacitum
656 3986 755 4040 acerbe
774 3991 958 4055 campartem
976 3986 1052 4040 urbis
1070 3985 1233 4056 significare,
1252 4002 1347 4054 quam·

366 4077 497 4132 immenso
526 4079 615 4146 spatio
645 4085 779 4148 occupato
812 4077 909 4132 domus
938 4079 1056 4133 Neronis
1086 4079 1253 4147 reliquisset,
1283 4097 1348 4136 uec·

367 4169 514 4238 quidquam
532 4171 562 4224 in
580 4171 670 4225 verbis
688 4171 855 4226 mutandum.
