3008 4650
554 309 693 366 Ciceronis
712 310 859 366 orationes.
1140 311 1200 375 123

176 525 247 572 cum
268 505 344 572 dixit
365 507 495 573 Bellum
524 508 636 574 saltem
662 507 825 574 fiduciae
853 511 921 574 aut
949 509 1243 593 stipulationis

176 617 244 680 aut
263 614 395 682 scribere
417 614 610 692 debuissem

275 736 354 804 Ibid.
376 740 433 802 54:
463 739 544 806 Hac
573 739 731 805 actione
754 739 908 823 Appius
930 739 1006 804 illo
1028 739 1160 808 Cacus
1181 744 1243 809 uti

176 862 249 911 non
270 848 426 928 posset,
450 847 483 911 si
503 848 583 912 tam
605 862 697 910 vere
719 844 898 912 homines
926 846 1049 912 verba
1077 866 1242 914 consec·

175 952 377 1034 latentur,
407 952 573 1032 utrem,
603 952 718 1019 cuius
747 971 867 1018 eausa
895 953 1016 1019 verba
1037 955 1146 1034 snnt,
1170 975 1243 1022 non

176 1058 495 1126 considerarent.
538 1058 623 1124 Nihil
653 1059 714 1125 loci
744 1076 811 1124 esso
839 1058 871 1123 in
901 1060 1002 1126 verbis
1031 1062 1242 1128 consectandis

175 1164 297 1230 veritati
320 1172 437 1244 (vere)
462 1167 660 1232 manifestum
683 1167 747 1244 ost,
770 1166 825 1232 sed
841 1165 936 1232 nihilo
952 1167 1061 1251 aptior,
1077 1186 1168 1251 quam
1187 1168 1242 1234 alii

174 1270 331 1338 scribendo
364 1273 567 1353 substituunt,
601 1273 748 1338 severitas
771 1278 948 1350 (severe),
981 1290 1038 1339 neo
1058 1275 1180 1341 omnino
1204 1276 1241 1342 de

174 1377 272 1462 gradu
294 1378 388 1444 ullius
409 1379 455 1445 rei
476 1380 509 1444 in
532 1380 633 1446 verbis
654 1378 867 1447 consectandis
889 1379 1005 1459 (tam),
1038 1381 1091 1446 sed
1114 1382 1151 1447 dc
1173 1383 1241 1466 ipso
1331 1459 1334 1464 ,

173 1485 264 1550 modo
285 1486 378 1552 verba
400 1487 595 1553 consectandi
624 1488 735 1572 agitur.
787 1487 958 1553 Lenissima
979 1489 1166 1554 correctione
1187 1489 1239 1555 lit·

173 1590 248 1656 teris
270 1593 383 1658 rectius
410 1593 582 1660 distributis
603 1613 710 1660 verum
727 1593 873 1660 efficitur:
896 1593 930 1659 si
952 1593 1002 1660 ita
1023 1595 1057 1661 in
1078 1595 1150 1662 iure
1172 1595 1241 1660 ho-

172 1698 300 1764 mines
333 1701 454 1767 verba
488 1701 829 1768 consectarentur
861 1700 920 1765 oct.
972 1698 1101 1765 Initium
1132 1703 1240 1768 erroris

173 1805 233 1871 fnit
254 1807 266 1871 i
287 1805 394 1874 littera
416 1807 513 1873 semel
540 1810 665 1892 scripta,
696 1827 765 1873 cum
788 1807 836 1873 bis
859 1804 950 1872 scribi
972 1806 1099 1873 deberet
1120 1808 1240 1887 (sita),

173 1911 283 1978 deinde
304 1915 344 1981 in
365 1915 396 1981 in
421 1935 451 1979 m
475 1916 630 1981 mutatum
645 1914 684 1980 ad
700 1913 883 1997 explendam
897 1932 1003 1980 vocem
1026 1915 1149 1993 (tam);
1172 1915 1240 1982 tum

172 2034 208 2081 ex
228 2017 316 2082 iure
337 2019 454 2085 facturn
475 2040 578 2087 uere.
920 2006 923 2012 ¹

273 2137 421 2204 lbid.55:
437 2139 573 2224 Neque
594 2143 695 2205 enim
719 2139 882 2206 dubium
903 2141 980 2220 ost,
1003 2141 1115 2224 quin,
1138 2142 1172 2206 si
1194 2142 1241 2207 ad

172 2261 249 2308 rem
272 2243 531 2312 iudicandam
553 2248 673 2314 verbo
699 2247 898 2325 ducimur,
931 2266 1006 2313 non
1035 2266 1091 2325 re,
1123 2248 1240 2314 fanni·

170 2348 267 2416 liam
288 2352 593 2439 intelligamus,
617 2373 699 2438 qum
721 2355 883 2421 constet
905 2373 946 2419 cx
962 2354 1240 2436 sen-rispluri-

171 2457 259 2535 bus,
290 2459 383 2542 quin
405 2480 505 2528 unus
526 2463 638 2529 homo
659 2461 820 2528 familia
841 2478 915 2525 non
938 2460 1004 2526 sit.
1059 2459 1238 2526 Necessario

172 2563 210 2628 ad
232 2583 324 2630 unam
347 2567 531 2651 particulam
552 2569 646 2652 quin
668 2567 757 2633 inilio
779 2567 913 2651 positam
935 2567 1065 2632 refertur
1086 2569 1241 2633 sententia

173 2689 208 2735 er
240 2671 358 2738 dnobus
390 2676 536 2740 membris
569 2675 720 2741 contrario
749 2671 858 2738 relatis
881 2667 1071 2746 α’συνδὲτως
1093 2673 1240 2739 conflata:

174 2774 369 2844 familiam
386 2780 691 2866 intelligamus,
707 2799 786 2863 qnae
806 2799 831 2845 o.
848 2797 890 2846 ex
910 2798 934 2845 s.
950 2798 995 2862 p,
1013 2781 1239 2847 unurshomo

172 2884 332 2950 familia
360 2905 434 2952 non
462 2887 527 2955 sit.
574 2889 684 2973 Itaque
706 2886 879 2953 tollendum
901 2889 949 2954 est
973 2886 1107 2952 alterum
1128 2887 1239 2970 quin,

173 3008 226 3071 pro
249 3010 308 3074 quo
323 2992 434 3058 saltem
448 2995 624 3077 ponendum
641 2998 707 3062 erat
729 2998 768 3062 et
789 2995 898 3079 quin,
923 2994 977 3060 sed
992 3013 1061 3060 cum
1080 2993 1241 3060 sententiae

173 3097 366 3166 detrimento.

272 3204 349 3270 Ibid.
373 3207 430 3273 69:
463 3208 616 3275 Deinde
649 3209 683 3274 si
713 3209 757 3275 de
786 3209 871 3273 iure
901 3207 1010 3274 vario
1034 3208 1242 3292 quidpiam

172 3309 398 3377 iudicatum
422 3315 499 3389 est,
528 3333 602 3380 non
629 3316 768 3398 potius
793 3317 933 3382 contra
953 3316 1055 3381 iuris
1077 3315 1240 3381 consul-

172 3416 234 3482 tos
256 3418 511 3499 statuunt‚si
532 3420 659 3488 aliter
679 3422 990 3505 pronuntiatum
1006 3424 1141 3498 est,ac
1157 3421 1238 3487 Mu·

226 3689 252 3757 *)
271 3691 284 3756 5
304 3690 339 3744 33
358 3692 446 3748 oratio
465 3693 504 3748 sie
523 3691 741 3762 interpungenda
760 3699 816 3749 est:
841 3692 969 3748 Audire
996 3692 1112 3763 cupio,
1131 3692 1188 3760 qni
1208 3693 1240 3745 in

272 3800 359 3856 pace
382 3791 416 3840 et
439 3785 521 3853 otio,
549 3801 623 3841 cum
646 3802 778 3840 manum
800 3784 936 3853 fecerit,
956 3786 1078 3855 copias
1097 3785 1237 3857 pararit

274 3918 397 3947 ......
415 3879 479 3934 hoc
498 3878 607 3934 dicat:
631 3879 714 3935 Feci
733 3877 887 3946 equidem
906 3885 957 3934 cet.
994 3879 1048 3933 Vix
1067 3876 1124 3934 lore
1144 3878 1239 3934 Cicero

274 3970 416 4040 significat,
436 3973 484 4041 qui
503 3973 543 4027 sic
562 3988 591 4027 se
610 3970 748 4028 defendat.
774 3973 811 4027 Ut
828 3971 907 4041 vulgo
926 3972 1138 4042 interpungitur‚
1159 3981 1189 4027 ut
1206 3972 1240 4027 de

273 4063 363 4118 verbis
381 4066 447 4120 hoc
466 4063 691 4133 discrimem,
716 4073 764 4121 aut
790 4066 846 4135 qui
865 4071 913 4120 aut
932 4081 1135 4136 comprensus
1156 4067 1240 4121 abun·

274 4156 322 4213 dat
339 4173 391 4213 nec
408 4156 474 4214 ferri
491 4163 583 4228 potest
