3008 4650
603 1473 732 1551 Liber
762 1475 818 1550 11.

516 1656 756 1723 Emendationes
778 1657 907 1724 Latinae.

644 1823 732 1906 Gap.
752 1824 778 1890 Ι.

515 1978 654 2036 Ciceronis
672 1979 738 2034 libri
756 1977 894 2036 rhetorici.

272 2131 531 2200 Emendationum
554 2131 735 2198 Latinarum
757 2133 788 2197 et
810 2131 944 2214 primam
973 2132 1006 2196 et
1026 2131 1118 2214 longe
1140 2131 1244 2212 eopio-

172 2240 330 2308 sissimam
352 2241 471 2324 partem
491 2239 614 2306 Marcus
629 2238 735 2306 Cicero
757 2237 817 2304 sibi
834 2236 1013 2313 vindicabit,
1029 2239 1114 2305 cuius
1128 2238 1245 2316 tamen,

172 2349 225 2432 qui
256 2346 296 2414 ad
328 2345 556 2430 philosophiam
578 2344 741 2430 pertinent,
773 2345 869 2412 libros
893 2365 953 2411 non
976 2346 1185 2429 attingemus3
1207 2335 1270 2410 ex*

171 2456 220 2532 iis,
255 2455 309 2538 qui
341 2453 441 2519 artem
463 2451 629 2519 oratoriam
662 2455 817 2534 exponunt
839 2453 871 2517 at
893 2452 1012 2526 docent,
1034 2452 1180 2535 quoniam
1203 2449 1243 2516 ad

171 2579 233 2635 eos,
258 2559 312 2644 qni
333 2559 454 2641 proprie
481 2557 707 2624 rhetoricorum
735 2576 846 2624 nomen
876 2559 993 2631 tenent,
1021 2556 1115 2641 vulgo
1136 2558 1240 2622 antem

172 2666 210 2730 de
245 2664 424 2732 inventione
459 2663 666 2748 appellantur,
704 2664 782 2730 nihil
819 2663 890 2730 novi
926 2663 1093 2737 afferimus,
1130 2661 1241 2728 seriem

172 2771 285 2838 ducent
319 2773 384 2838 tres
416 2771 457 2838 de
479 2771 612 2839 oratore
643 2770 725 2851 libri,
761 2771 800 2836 ad
834 2790 910 2854 quos
942 2769 1136 2854 expoliandos
1172 2788 1243 2834 cnm

172 2896 266 2960 prope
296 2877 473 2945 adolescens
495 2877 714 2944 Henrichsanli
734 2878 796 2943 mci
818 2877 923 2944 studia
944 2877 1093 2943 adiuvans
1116 2894 1174 2940 non
1198 2874 1244 2940 ita

172 3002 269 3065 pauca
291 2984 501 3070 contulissem,
532 2989 639 3068 postea
666 2985 789 3067 parcius
811 2983 912 3070 attigi.
960 2985 1021 3050 Eos
1042 2981 1140 3066 igitur
1162 2982 1243 3045 tam·

172 3109 243 3172 pora
274 3090 438 3162 interiecto
471 3111 541 3156 eum
572 3091 668 3156 semel
697 3092 793 3176 atque
821 3092 936 3158 iterum
966 3089 1096 3157 celerius
1117 3106 1242 3170 percur-

172 3198 292 3271 rissem,
325 3215 404 3262 anno
437 3197 501 3262 fere
535 3199 614 3262 1871
648 3200 798 3265 intentius
819 3199 1018 3264 retractarem
1040 3194 1242 3263 consideratis

172 3304 267 3369 etiam
300 3302 466 3386 diligenter
498 3303 611 3369 codicis
643 3305 846 3371 Abrincensis
875 3304 1043 3387 scripturis,
1077 3301 1132 3386 qni
1162 3319 1243 3366 unus

173 3409 382 3475 memorabilis
412 3429 469 3474 neo
491 3411 597 3475 tamen
619 3406 895 3492 praestantissimus
916 3409 1159 3476 instrumentum
1181 3405 1241 3471 ori·

173 3516 268 3582 tionm
297 3516 389 3591 auxit,
423 3515 497 3589 haec,
531 3534 598 3599 quae
620 3516 792 3596 subiiciam,
815 3518 898 3583 certa
920 3519 975 3582 ant
996 3514 1147 3598 probabili
1170 3531 1242 3579 oon-

172 3624 289 3690 iectura
320 3641 378 3688 neo
410 3623 449 3686 ab
482 3622 552 3688 aliis
582 3624 732 3705 occupata
766 3623 907 3707 expedire
940 3622 1016 3687 mihi
1049 3620 1133 3684 visus
1163 3638 1240 3683 sum.

174 3727 378 3812 Quamquam,
403 3746 496 3812 quem
528 3729 664 3810 primum
694 3748 806 3813 ponam
838 3730 953 3810 locum,
987 3747 1057 3793 enm
1087 3744 1148 3790 non
1176 3727 1242 3789 tam

173 3836 263 3917 plana
297 3835 438 3919 expedire
470 3853 597 3917 possum
629 3855 732 3919 qnam,
766 3835 916 3920 quomodo
950 3854 1022 3901 uera
1055 3833 1122 3898 eins
1143 3833 1243 3897 forma

172 3941 298 4007 turbata
319 3941 371 4020 sit,
393 3942 545 4021 indicare;
568 3961 641 4008 nam
1099 3984 1103 3993 ·

274 4046 329 4113 lib.
359 4049 376 4113 I
405 4050 426 4129 ξ
458 4049 518 4112 146
551 4067 598 4132 sq.
630 4047 696 4114 haec
730 4050 890 4134 leguntur:
926 4047 1029 4132 quod
1062 4045 1242 4122 (artificium

172 4151 332 4220 rhetorum
369 4155 582 4221 observatione
616 4155 648 4220 et
677 4173 769 4237 opera
799 4155 1001 4221 constitutum
1025 4156 1057 4220 et
1078 4154 1242 4233 traditum)
