2974 4660
298 287 339 349 ιε
410 315 415 325 κ
659 286 719 341 nar.
738 286 762 340 r.
788 285 854 355 cap.
873 285 924 340 ιιι.

257 510 301 571 τη
335 480 408 549 ὄντι
443 477 526 555 roda
574 483 771 568 δημοσίους
802 485 1012 570 βασανίζειν·
1041 479 1122 550 οὔτε
1168 476 1233 568 γοίρ
1268 481 1330 565 της

256 583 416 678 βασοίνου
446 583 564 673 κύριος
593 587 781 676 ἐγιγνόμην
810 585 890 656 οὔτε
924 591 1035 664 καλῶς
1061 598 1148 677 ἐχειν
1168 583 1210 654 τοί
1233 581 1332 674 λεγό-

256 723 348 784 ,ιιενα
371 691 441 764 ὑπὸ
464 697 531 763 τῶν
553 689 753 781 α’νθρσίπων
775 701 833 782 ἐμὲ
857 699 995 782 κρίνειν.
1049 696 1126 762 Post
1154 692 1232 762 οὔτε
1256 742 1264 759 .
1289 742 1297 758 .
1321 743 1329 758 .

261 798 446 893 ἐγιγνόμην
479 821 537 867 non
573 803 677 884 potest
709 804 741 866 in
775 804 876 869 altera
903 803 1030 870 rationIs
1059 801 1220 868 reddendae
1242 802 1329 883 parte

263 930 386 996 prorsus
410 929 445 976 ex
466 895 559 992 aequo
575 910 678 992 posita
701 909 794 975 rediri
817 911 856 975 ad
878 909 1075 976 infinitivum.
1127 907 1329 974 Scribendum

261 1017 430 1083 necessario
453 1020 501 1081 est
521 1013 599 1082 οὔτε
623 1017 732 1089 καλῶς
755 1017 795 1093 εἶ
800 1039 843 1103 γε
865 1011 908 1083 τοί
932 1009 1100 1102 λεγόμενα
1125 1039 1151 1080 ιι.
1176 1041 1206 1080 τ.
1229 1017 1257 1079 λ.

360 1122 439 1195 LVI,
459 1123 516 1186 24:
550 1111 596 1188 σίν
623 1127 741 1207 μέντοι
771 1104 880 1189 ου’τοί
901 1115 990 1207 ἦσαν
1020 1117 1141 1204 κύριοι,
1172 1115 1213 1186 οδ
1235 1111 1331 1185 ταῦτ’

258 1223 468 1296 οίπέστελλον
500 1224 615 1297 πάντα
651 1221 772 1314 δεῦρο,
798 1224 871 1296 dll’
905 1223 1121 1315 ἐκλεγόμενοι
1157 1227 1260 1294 τίνων
1295 1231 1331 1291 αἱ

260 1341 356 1422 τιμαί
381 1340 592 1405 ἐπετέταντο.
644 1336 750 1402 Oratio
776 1337 807 1401 in
836 1324 1105 1403 extremisverbIs
1125 1349 1248 1418 prorsus
1270 1350 1331 1398 non

266 1443 405 1517 cohaeret,
428 1445 671 1527 pravissimeque
703 1444 828 1524 ponItur
860 1461 1029 1528 pronomen
1062 1440 1329 1524 interrogativum.

261 1550 374 1616 Omnia
402 1551 488 1614 recta
510 1552 600 1615 erunt
629 1549 745 1616 litteris
776 1549 888 1616 melius
910 1550 1078 1633 separatis:
1114 1540 1331 1633 ἐτλεγόγιενοί

261 1649 337 1722 τιν’
360 1644 412 1721 ὦν
434 1661 470 1721 αἱ
488 1659 584 1740 τιμαὶ
601 1662 816 1724 ἐπετέταντο.
852 1657 1020 1741 Eligebaut
1035 1655 1185 1740 quaedam,
1200 1671 1331 1735 quorum

263 1763 362 1846 pretia
384 1765 474 1829 aucta
496 1766 591 1838 erant,
612 1783 708 1846 eaque
730 1765 907 1830 mittebant.

338 1951 341 1958 Ι
360 1869 456 1948 LVII,
482 1871 536 1934 19:
561 1869 623 1957 ἐγιιί
647 1863 676 1937 δ
688 1877 720 1948 ἐξ
742 1864 858 1936 ου’τών
879 1864 1014 1936 τούτων
1024 1859 1160 1951 μάλιστ’
1175 1860 1220 1932 εἲν
1235 1864 1331 1951 οἶμαι

262 1971 348 2060 δμῑν
374 1970 525 2061 ἐμαυτόν
546 1970 745 2062 Ἀθηναῖον
779 1975 861 2043 ὄντα
886 1975 1076 2051 ἐπιδείξειν.
1131 1973 1333 2039 scribendum

259 2100 327 2147 esse
350 2085 418 2149 aut:
441 2077 576 2167 μάλιστ’
598 2084 695 2170 οἶμαι
710 2078 797 2168 δμῑν
820 2131 878 2150 ...
903 2082 1086 2157 ἐπιδείξειν
1105 2081 1174 2146 aut:
1195 2072 1333 2165 μάλιστ’

183 2221 191 2232 ·
260 2183 306 2255 σίν
338 2187 434 2274 οἶμαι
467 2184 553 2276 ὑμῖν
693 2190 923 2266 ἐπιδεῖξαι,
964 2208 1064 2268 nemo,
1101 2187 1217 2268 opinor,
1252 2205 1333 2251 nunc

262 2297 398 2381 negabit,
421 2315 522 2363 errore
544 2297 629 2362 omni
651 2297 680 2361 in
703 2297 760 2362 hoc
787 2295 949 2380 particulae
981 2315 1040 2362 usu
1060 2293 1179 2376 pridem
1201 2293 1332 2359 sublato.

261 2403 308 2468 dr.
321 2403 399 2468 Adv.
413 2403 597 2486 estsuper
608 2404 711 2470 inimo
734 2404 882 2488 margine.
904 2402 969 2485 [Sic
977 2404 1039 2467 lere
1049 2399 1331 2478 Westermaunus.]

362 2508 475 2589 LVIII,
503 2510 560 2574 41:
591 2511 686 2595 ,μηδὲ
713 2511 867 2596 νομίζειν
895 2513 1116 2595 κυριωτέρους
1144 2507 1216 2573 δεῖν
1245 2506 1333 2573 εἶναι

263 2612 345 2690 τσδς
378 2611 519 2702 νόμους,
554 2611 600 2682 σίν
622 2608 661 2683 εδ
689 2643 739 2690 τις
772 2630 845 2692 τοῖς
877 2611 1023 2702 σ’νόγιασι
1058 2616 1250 2698 ουγιπλίξας
1272 2607 1334 2682 ου’·

263 2719 344 2797 τοιίς
366 2719 510 2796 τούτους
531 2717 617 2809 δγιῑν
639 2719 865 2810 παράσχηται,
892 2724 960 2788 τῶν
981 2718 1074 2794 ὅπως
1098 2728 1191 2809 ἔτυχε
1214 2715 1330 2809 λεγόν-

265 2856 345 2906 των,
368 2823 454 2896 α’λλιί
478 2825 560 2904 τοιίς
584 2823 721 2906 αδοοιίς,
744 2833 798 2896 καί
822 2825 972 2915 τοσούτῳ
994 2829 1128 2912 μᾶλλον
1149 2844 1221 2904 τοῖς
1236 2823 1334 2895 οἷπεί·

265 2960 336 3018 ρσις
359 2938 412 3002 καί
437 2940 525 3012 νέοις
544 2941 707 3023 βοηθεῖν,
731 2933 864 3025 ὅσῳπερ
887 2931 931 3002 σ’ίν
956 2924 1061 3022 ἧττον
1089 2930 1335 3022 ἐξαπατήσειαν

266 3038 368 3127 ὑμᾶς.
415 3043 484 3109 Non
519 3047 735 3126 comparantur
754 3046 838 3130 leges
872 3062 942 3109 cum
975 3043 1124 3124 personis,
1157 3061 1256 3126 neque
1277 3043 1335 3109 hoc

264 3148 426 3214 contendit
448 3152 555 3224 orator,
588 3150 684 3234 leges,
721 3153 748 3216 si
782 3151 857 3217 scite
892 3153 924 3216 et
956 3148 1149 3234 elegantibus
1185 3150 1285 3216 verbis
1317 3168 1336 3214 a

264 3273 427 3321 causarum
450 3254 578 3337 patrono
604 3261 821 3341 proponantur,
849 3276 907 3322 non
937 3255 1046 3321 debere
1075 3256 1245 3338 superiores
1268 3274 1335 3321 esse

265 3361 303 3424 ils
332 3360 519 3436 homInibus,
554 3365 607 3445 qui
634 3361 819 3446 simpliciter
849 3363 881 3428 et
908 3362 974 3427 siue
1005 3362 1070 3426 arte
1101 3357 1206 3441 (ὅπως
1229 3368 1335 3448 ἔτυχε)

265 3466 371 3532 dicant
393 3473 477 3543 (nem
500 3469 585 3553 leges
600 3489 722 3553 semper
736 3469 915 3536 hominibus
930 3468 1104 3551 superiores
1120 3487 1186 3535 esse
1201 3467 1336 3544 debent),

265 3575 320 3640 sed
342 3575 437 3659 neget
457 3575 541 3664 leges
563 3578 632 3661 plus
660 3575 762 3643 valere
792 3575 912 3651 debere,
942 3575 970 3639 si
995 3574 1162 3659 eleganter,
1195 3577 1336 3657 quamsi

268 3679 336 3746 sine
358 3684 424 3745 arte
445 3682 632 3748 advocentur
654 3687 685 3748 et
706 3685 931 3764 proponantur;
958 3681 1087 3747 eandem
1111 3679 1193 3746 enim
1215 3699 1337 3764 semper

266 3787 372 3872 legum
403 3789 618 3853 auctoritatem
642 3807 709 3854 esse
742 3789 864 3871 debere,
897 3787 976 3853 nihil
1013 3787 1052 3853 ab
1085 3789 1151 3853 arte
1180 3790 1338 3854 oratorum

267 3894 487 3976 pendentem·
520 3895 631 3978 Itaque
653 3897 849 3978 comparatur
880 3895 960 3961 inter
982 3913 1017 3960 se
1040 3893 1152 3977 duplex
1173 3894 1259 3979 leges
1281 3913 1335 3977 ap-

267 3998 406 4082 pellandi
438 4001 470 4065 et
501 3999 690 4082 proponendi
713 4000 801 4080 ratio,
832 4000 1045 4084 scriptumque
1073 4000 1175 4067 fuerat
1195 4001 1234 4066 ad
1257 3999 1339 4067 hanc

268 4107 332 4171 lere
364 4111 512 4171 formum:
555 4107 642 4192 μηδὲ
682 4108 836 4194 νομίζειν
876 4111 1095 4191 κυριωτέρους
1135 4107 1207 4174 δεῖν
1249 4106 1337 4173 εἶναι
