3008 4650
305 295 345 359 76
402 353 406 364 ,
574 294 632 350 Lib.
651 294 672 349 1.
693 295 758 365 Cap.
777 295 826 352 IV.
862 296 1023 352 Atheuaeur.

263 489 345 574 quod
380 489 572 558 desideratur
604 491 644 556 ad
678 487 722 566 oie
754 485 774 558 o‘
942 485 1150 578 Δημόφιλος.
1206 493 1335 562 Videtur

263 597 411 680 seriptum
445 597 556 664 suisset
583 591 674 672 ,άςδ
848 594 1047 686 Δημόφιλος
1080 594 1333 687 εἰσαγήσχε,

265 707 564 788 παρασκευασθεὶς
608 729 637 771 κ.
681 731 709 770 κ.
753 705 792 781 λ,
837 706 1097 787 quemadmodum
1140 706 1333 772 insimulavit
1457 766 1460 773 .

224 881 225 886 ρ
264 810 374 889 (finxit)
410 808 624 892 Demophilus,
657 809 842 878 subornatus
874 814 932 878 cet.
986 812 1103 879 Deesse
1130 813 1259 879 verbum
1287 812 1335 877 in·

264 917 435 996 tellexerat,
469 915 523 998 qui
554 917 586 982 in
622 914 727 982 codiee
760 916 899 983 Parisino
933 917 1083 999 epitomes
1112 917 1237 1000 soripsit
1258 917 1333 985 εἶπε

265 1022 465 1110 δημόφιλος.

367 1184 444 1249 ibid.
468 1203 493 1251 o.
525 1185 559 1248 Iu
581 1184 676 1249 nobili
697 1183 792 1250 soolio
814 1185 990 1276 Aristotelis
1013 1190 1062 1260 εἰς
1082 1179 1252 1273 Ἑρμείαν
1271 1189 1334 1254 ud

264 1307 331 1374 sqq.
354 1291 420 1356 haeu
441 1290 587 1374 leguntur
608 1290 646 1354 de
667 1290 800 1357 virtute:

348 1433 442 1486 κοῖον
465 1421 521 1486 ἐπὶ
544 1423 649 1505 φρένα
671 1413 811 1504 βάλλοις

349 1521 531 1612 περιιόντ’
554 1520 735 1593 α’θάνοισσν
758 1528 883 1613 χρυσοῦ
906 1555 941 1594 τε
966 1529 1104 1613 κρείσσω

349 1635 403 1700 καλ
426 1639 552 1720 γονέων
574 1629 851 1721 ριολιικαωρηκοῑό
875 1628 913 1699 θ’
933 1632 1059 1703 ὕπνου.

368 1764 503 1830 Permire
539 1765 570 1830 in
607 1765 665 1832 hac
702 1785 772 1830 oum
809 1764 934 1831 uirtutis
969 1767 1070 1832 fructu
1105 1764 1334 1848 comparatione

266 1871 384 1939 divitiis
417 1883 449 1940 et
479 1872 657 1958 parentibus
692 1874 735 1948 (h.
759 1891 785 1938 e.
813 1873 935 1956 generis
968 1872 1138 1944 nobilitati)
1172 1874 1332 1953 tamquam

265 1980 393 2046 tortium
429 1981 608 2066 adiungitur
645 1967 780 2061 somnus,
818 1996 874 2049 neo
913 1978 1063 2043 minorem
1102 1976 1335 2042 admirationem

264 2085 359 2152 habet
380 2086 567 2152 adieetivum
589 2085 662 2150 huio
684 2085 877 2150 substantivo
899 2085 1088 2163 adiunctum,
1112 2085 1177 2149 sive
1199 2084 1335 2172 μαλακ-

267 2207 428 2281 αυγησοῑσ
451 2193 567 2258 scribas
589 2194 653 2258 sive
674 2179 967 2276 ριαλοκαιιχήσσισς
1002 2192 1109 2256 neutra
1132 2191 1213 2257 enim
1238 2189 1336 2255 forma

266 2298 456 2384 probabilem
492 2297 747 2384 significationem
785 2297 1067 2382 derivationemque
1103 2295 1206 2362 habet.
1260 2294 1334 2361 Veri

265 2406 413 2472 indicium
438 2408 531 2471 tenue
546 2405 640 2472 codex
656 2406 749 2472 Laur.
772 2405 898 2489 praebet,
920 2405 952 2469 in
974 2423 1033 2489 quo
1055 2399 1189 2478 ὕπνους
1210 2403 1333 2487 tegitur.

266 2513 439 2596 Sumpserat
460 2512 543 2577 enim
559 2512 743 2578 Aristoteles
762 2505 1114 2602 ροεγοικουχήυοιό
1129 2504 1168 2576 θ’
1183 2507 1332 2590 ὕψους.

265 2620 343 2686 Cum
366 2618 485 2685 divitiis
515 2621 547 2685 et
569 2620 667 2702 stirpe
698 2618 894 2702 coniungitur
921 2615 1082 2703 fastigium
1112 2616 1274 2702 dignitatis
1302 2621 1336 2682 et

266 2727 439 2792 maiestatis
462 2726 660 2811 magnifieum
683 2729 714 2792 et
735 2724 900 2808 superbum
924 2725 1071 2809 (glorioso
1092 2742 1126 2790 so
1147 2726 1289 2798 iactans).

369 2901 401 2967 P.
424 2901 485 2964 698
508 2900 528 2965 d
550 2903 620 2965 eto
641 2903 687 2978 (in
711 2851 884 2986 fragmento
906 2901 1125 2985 Hegemonis):

350 3022 471 3113 Μνὴρά
493 3027 650 3096 detescas
670 3035 812 3117 ye'poouu
836 3033 890 3098 καλ
914 3024 977 3097 οὐκ
993 3021 1144 3095 ἐθέλοντ’
1159 3022 1332 3115 άνιιβῆναι

349 3136 403 3201 καλ
427 3129 564 3211 σπάνις,
587 3131 610 3222 ἢ
631 3131 781 3210 πολλοὺς
805 3137 944 3205 Θασίων
966 3141 1015 3210 εἰς
1036 3131 1162 3202 ὁλκάδα
1183 3133 1303 3221 βάλλει

349 3234 521 3326 ουίιοάρων
541 3242 729 3328 βδελυρῶν,
752 3237 925 3312 ὀλλύντων
946 3237 1196 3326 τ’ςάλλωμὲνων.
1215 3269 1251 3310 σε

281 3427 283 3432 Ι
349 3343 495 3436 άνδρων,
517 3357 552 3417 οἳ
572 3352 638 3418 νῦν
661 3358 753 3418 κεῖθι
775 3350 884 3426 κακῶς
907 3351 992 3418 κακά
1015 3351 1241 3438 ῥαψῳδοῦσιν.

367 3480 425 3546 Pro
446 3475 556 3566 ’μνῆμ’
578 3474 875 3564 Ιισοσείιιολῆριρδ,
898 3481 1070 3546 iieinekius
1086 3473 1165 3566 λῆμ’
1181 3480 1329 3557 σοσίισὶις

263 3574 409 3652 neutrum
425 3605 493 3680 oum
509 3607 554 3667 eo,
571 3587 653 3671 qnod
675 3595 724 3652 ost
746 3581 878 3665 σπάνις,
895 3590 966 3670 apte
981 3585 1183 3672 coniungitur.
1219 3587 1330 3652 Verum

263 3691 387 3757 videtur
409 3687 524 3760 κεῖν’.
558 3692 677 3758 Deinde
698 3693 752 3759 ubi
775 3693 895 3759 oodioes
917 3693 1031 3760 habent
1053 3687 1234 3778 εὐκούρων,
1257 3695 1331 3760 seri·

265 3798 397 3862 bendum
429 3800 550 3867 videtur
583 3791 850 3885 ναυκλήρων,
883 3799 964 3881 quod
988 3819 1086 3884 genus
1115 3800 1277 3867 hominnm
1296 3802 1332 3866 et

263 3921 318 3985 pon·
339 3923 372 3968 se
394 3910 464 3988 epte
491 3905 542 3972 hio
569 3905 747 3972 nominatur
767 3908 800 3970 et
821 3904 996 3972 Graeoorum
1020 3910 1213 3989 maximeque
1235 3906 1330 3973 oemi-

201 4003 203 4006 ’
263 4027 366 4076 oerum
387 4012 499 4079 iudicio
520 4013 569 4091 iis,
589 4031 656 4095 quae
671 4011 834 4086 adduntur,
849 4011 931 4094 notis
946 4011 1113 4105 insignitur
1129 4013 1328 4100 (βδελυρῶν,

215 4172 219 4176 .
262 4108 435 4184 ὀλλύντων
457 4112 486 4183 ν’
508 4113 702 4203 ὀλλυμένων
725 4119 775 4196 τι)
877 4103 879 4107 ⁵
911 4101 930 4108 Η
1062 4103 1065 4107 ’
1223 4101 1225 4106 ⁸
