3008 4650
549 281 691 338 Ciceronis
708 281 856 339 orationes.
929 330 931 335 .
1131 278 1192 343 113

170 479 395 560 refervens,
428 481 510 565 qnod
540 478 745 546 similitudine
767 480 805 545 ab
827 497 907 564 aqua
929 478 1094 546 ebulliente
1116 480 1149 544 et
1169 497 1234 548 rem

167 585 306 670 aliquam
339 588 522 672 aspergente
551 585 734 652 transfertur
761 585 800 650 ad
830 585 956 663 crimen,
990 586 1156 668 ascriptum
1188 593 1236 650 est

169 693 315 760 usitatius
330 695 363 759 in
378 693 436 760 buc
458 711 490 758 re
512 692 696 758 vocabulum
719 689 923 760 collatum.
956 691 1076 758 Vitium
1089 691 1235 758 orationis

171 795 271 877 sensit
289 795 470 879 Lambinus,
500 798 554 864 scd
585 797 749 876 aberravit,
776 815 847 863 cnm
868 796 1076 864 refervens
1098 798 1234 872 sustulit,

169 900 363 970 collatum
387 905 523 988 reliquit.

273 1043 337 1112 l’ro
366 1045 471 1113 tullio
503 1046 543 1112 35
566 1049 597 1112 et
619 1047 677 1113 36:
720 1045 987 1112 absolvantur
1023 1062 1156 1111 omnes
1192 1045 1236 1110 de
1285 1111 1290 1121 ,

171 1149 301 1215 simin
334 1152 413 1228 (eon.
445 1152 471 1217 u
503 1135 662 1222 risun
690 1170 810 1218 causa
842 1169 1008 1218 neeesse
1041 1153 1111 1216 esu
1156 1151 1236 1216 Hoc

170 1257 300 1322 solum
342 1260 442 1325 bonu
483 1261 712 1326 mehercule
753 1259 786 1324 si
828 1259 900 1328 hoc
941 1259 1069 1324 solum
1113 1255 1236 1332 esset}

172 1367 539 1441 ermenwardus
567 1367 664 1460 piri,
686 1367 745 1432 cet.
790 1365 926 1432 Sublatis
955 1364 1073 1430 duabus
1100 1366 1237 1443 vocibus,

172 1491 240 1555 qna
267 1471 427 1538 scribendo
460 1472 541 1538 male
568 1475 730 1556 praeceptae
758 1476 831 1539 sunt
854 1472 947 1549 (Hoc
968 1470 1117 1547 solum),
1139 1473 1237 1538 omnis

174 1577 339 1644 difficultas
360 1581 551 1645 removetur:
580 1580 845 1646 absolvantur
874 1596 1008 1645 omnes
1037 1578 1081 1644 de
1108 1579 1237 1644 simili

173 1703 293 1750 censa
314 1703 480 1752 necesse
502 1687 578 1764 est;
600 1687 702 1753 bona
722 1685 960 1752 mehercule.
987 1727 990 1734 ,
1012 1684 1051 1749 Si
1078 1685 1150 1750 boc
1173 1705 1238 1751 so-

172 1791 250 1858 lnm
284 1793 408 1865 esset,
444 1796 576 1859 tamen
609 1795 667 1860 cet.
732 1792 809 1857 Cum
842 1791 940 1858 ironia
971 1794 1072 1858 orator
1103 1792 1238 1860 affirmat

172 1898 285 1964 bonam
308 1918 382 1964 saue
403 1899 492 1965 illam
512 1899 688 1967 absoluendi
713 1917 838 1966 causam
858 1916 935 1963 esse.

275 2039 353 2107 lbid.
372 2041 434 2106 154:
463 2041 545 2107 Hoc
571 2042 775 2126 seqnitur,
797 2041 841 2105 ut
862 2040 1021 2106 familia
1042 2041 1087 2109 M.
1109 2041 1236 2109 Tullii

174 2147 336 2214 concidi
369 2148 623 2231 oportuerit?
681 2147 782 2213 Pudet
813 2147 951 2214 confiteri
982 2158 1021 2213 ne
1053 2167 1103 2214 me
1135 2151 1235 2232 ipsum
1311 2185 1312 2190 =

175 2252 309 2338 quidem,
332 2256 509 2339 priusquam
531 2272 551 2320 a
572 2255 717 2340 Siesbyeo
740 2273 809 2320 meo
831 2254 1020 2328 admonerer,
1047 2256 1236 2323 restituisse:

173 2363 215 2426 nt
235 2361 388 2430 familiam
411 2361 541 2428 Tullii
564 2359 726 2428 concidi
749 2361 987 2443 oportuerit.
1065 2381 1068 2386 ·

273 2513 312 2581 In
334 2516 468 2583 Verrem
491 2515 552 2580 act.
576 2515 607 2580 ll
627 2514 680 2579 lib.
700 2516 726 2593 Ι,
754 2515 811 2578 79:
841 2514 967 2580 Video
999 2513 1102 2579 enim
1129 2517 1168 2580 et
1196 2537 1236 2582 er

173 2620 689 2706 iis‚qnae1egietaudivi‚
719 2619 932 2704 intelligo,
961 2621 1000 2685 iu
1031 2639 1106 2704 qua
1134 2623 1238 2688 civi·

173 2730 258 2792 tate
290 2747 363 2795 non
393 2728 504 2794 modo
532 2729 694 2813 legatus
716 2726 857 2810 populi
879 2727 1044 2793 Romani
1065 2727 1238 2794 circum·

174 2851 330 2912 sessus,
359 2855 432 2901 non
461 2834 571 2902 modo
592 2836 694 2918 igni,
722 2835 843 2910 terro,
866 2852 997 2910 menn,
1019 2834 1148 2917 copiis
1170 2853 1239 2917 op·

174 2942 396 3026 pugnatus,
420 2941 646 3025 sodalique
669 2942 848 3023 experte
871 2940 1239 3019 violatu-ssinnisi

175 3047 338 3129 publice
360 3049 621 3116 satisfactum
645 3049 717 3126 sit,
745 3047 782 3111 ei
811 3047 977 3113 civitati
1005 3049 1155 3116 bellum
1176 3049 1239 3116 in-

175 3155 257 3220 dici
279 3156 413 3238 atque
430 3155 578 3221 inferri
607 3155 747 3221 solere.
791 3154 865 3218 Haec
887 3154 930 3221 sic
952 3156 1137 3231 scribuntur,
1159 3161 1240 3223 tam·

177 3281 269 3345 quam
303 3263 427 3346 legatus
460 3261 567 3345 populi
598 3261 728 3327 Romani
757 3263 928 3330 contrarius
957 3265 1088 3345 ponatur
1114 3265 1241 3330 minoris

176 3366 340 3452 dignitatis
361 3368 481 3433 homini
501 3367 599 3444 (uerbi
614 3387 719 3434 causa:
742 3388 816 3434 non
839 3368 949 3434 modo
972 3368 1150 3452 legatus,
1173 3372 1241 3437 sed

177 3474 396 3549 tribunus);
419 3493 527 3538 verum
549 3474 701 3539 sententia
722 3474 825 3556 posita
846 3477 895 3539 est
914 3475 946 3538 in
960 3475 1109 3558 gravioris
1123 3477 1242 3542 iniuriae

178 3583 210 3645 et
231 3581 356 3648 levioris
376 3581 410 3646 in
435 3580 542 3646 eedem
565 3579 664 3664 legati
692 3599 822 3663 persona
850 3580 1085 3663 comparatione.
1134 3583 1243 3666 ltaque

178 3686 283 3754 Cicero
306 3689 470 3770 scripserat
492 3688 552 3753 alio
574 3689 734 3756 rerbomm
757 3687 880 3753 ordine:
908 3686 947 3752 in
975 3705 1050 3770 qua
1071 3687 1243 3755 civitate

179 3795 341 3875 legatus
363 3794 503 3879 populi
524 3795 689 3862 Romani
711 3813 784 3860 non
807 3793 917 3859 modo
940 3793 1243 3870 circumsessus,

180 3919 254 3966 nou
276 3899 389 3966 modo
411 3901 514 3986 igni,
537 3902 660 3980 ferro,
679 3919 809 3979 manu,
827 3901 958 3982 copiis
980 3903 1245 3986 oppugnatus,

181 4007 249 4071 sed
271 4006 409 4092 alique
432 4028 474 4074 ex
496 4011 609 4092 parte
632 4007 809 4074 violatus
831 4004 904 4083 sit,
927 4005 987 4071 nisi
1009 4007 1078 4090 quis
1099 4010 1245 4077 audacius
1278 4027 1280 4032 ·

175 4112 334 4194 'suspicari
366 4114 434 4180 rult
460 4115 639 4182 Ciceronem
672 4115 792 4178 tantum
821 4111 973 4196 posuisse:
998 4115 1036 4180 in
1058 4135 1132 4200 qua
1154 4117 1248 4183 civi·

1030 4232 1048 4285 8
