3012 4652
291 298 370 380 'm
669 314 933 385 mmmm

267 513 464 583 servantiam
479 521 610 592 (meam
627 513 1019 591 inobservantiami),
1035 510 1203 578 niqum
1222 510 1260 576 in
1277 529 1340 578 cn·

267 622 405 688 stodin
434 621 585 687 salntIs
612 638 703 686 mea
730 619 994 705 diligentem,
1027 618 1275 703 eundemque
1297 620 1340 684 te

267 731 326 796 cet.
377 727 422 794 At
451 727 763 794 inobservantia
791 745 851 794 non
873 727 1028 810 reperitur
1050 727 1121 792 ante
1144 725 1339 792 Suetonium.

266 837 395 904 Poterat
416 839 519 903 tamen
542 852 628 918 aeqne
650 835 739 902 facile
753 834 830 920 fingi
852 837 944 916 atque
965 831 1255 918 indiligentia,
1277 833 1339 898 in·

267 942 511 1022 tolerantia,
545 942 607 1008 alia
638 961 696 1008 non
728 942 828 1026 magis
860 940 1071 1024 frequentata3
1105 938 1340 1006 inconside-

267 1048 441 1114 rantiam
470 1052 554 1115 recte
586 1047 746 1115 Manutius
783 1047 922 1114 restituti
949 1066 997 1130 ep.
1019 1046 1059 1115 ad
1089 1045 1340 1128 Qu.fr.111,9,

268 1155 297 1235 t,
319 1155 420 1238 ipsum
444 1174 564 1240 quoqne
586 1155 668 1240 apud
689 1154 790 1222 solum
811 1157 958 1239 praterea
973 1153 1155 1220 Suetonium
1170 1151 1341 1218 servatum.

368 1306 494 1387 loica,
516 1310 553 1373 4:
586 1306 661 1372 Vix
692 1308 852 1373 tandem
882 1306 963 1374 sibi
984 1305 1032 1384 (M
1061 1305 1155 1384 tibi)
1178 1305 1224 1371 de
1256 1320 1343 1369 mea

267 1412 481 1480 voluntate
519 1433 753 1482 concessum
790 1416 860 1481 cst.
920 1413 1035 1480 Delent
1074 1414 1205 1480 editores
1241 1409 1341 1489 sibi,

268 1520 349 1604 qnod
373 1521 455 1586 nude
481 1523 584 1587 ortum
610 1522 660 1602 sit,
682 1540 772 1588 nemo
794 1521 914 1588 dixerit.
958 1520 1159 1587 Scribendnm
1182 1522 1248 1585 est:
1269 1516 1341 1582 Vir

268 1628 427 1695 tandem
451 1628 528 1707 sivi;
562 1629 607 1694 de
639 1647 723 1694 mea
754 1629 970 1696 voluntate
1004 1644 1237 1695 eoncessum
1269 1624 1339 1690 est.

269 1733 308 1802 Se
330 1736 464 1819 primum
489 1736 673 1803 concedendi
702 1735 828 1820 signum
855 1735 988 1817 dedisse,
1010 1735 1092 1819 quod
1124 1731 1220 1801 ceteri
1241 1729 1341 1798 secuti

268 1842 342 1923 sint,
363 1841 527 1927 elgnificat.
580 1843 609 1908 V
630 1844 663 1909 et
684 1843 704 1909 b
727 1842 848 1927 quoties
875 1843 908 1908 in
936 1842 1094 1910 codicibus
1116 1839 1342 1926 permutentur,

270 1949 339 2033 quis
362 1950 526 2028 nescit?*)

369 2099 449 2164 Ibid.
464 2101 511 2178 10,
528 2102 562 2162 12
585 2098 664 2182 Ego
681 2095 1341 2180 hicpascorbibliothecaFausti3

269 2202 448 2270 fortasse
482 2204 525 2269 tu
558 2204 742 2285 putaras,
774 2203 838 2270 his
870 2205 989 2272 rebus
1021 2204 1267 2272 Puteolanis
1302 2202 1345 2270 et

268 2311 607 2389 Lucrinensibus3
630 2331 676 2377 ns
698 2311 780 2378 ista
801 2312 961 2396 quidem
983 2311 1140 2379 desunt.
1176 2313 1335 2391 Haeres,

269 2419 441 2501 praesertIm
456 2420 525 2504 post
546 2437 705 2502 pascor,
726 2420 804 2485 mire
820 2419 940 2485 infinite
956 2418 1154 2502 appellantur
1168 2437 1225 2484 nec
1241 2418 1338 2486 ullam

269 2526 385 2593 habent
417 2524 598 2609 voluptatis,
633 2544 726 2609 quam
758 2525 863 2593 Cicero
900 2528 1043 2606 sectetur,
1077 2526 1344 2612 significationem.

271 2633 442 2718 scripserat
465 2633 584 2700 Cicero:
618 2633 735 2700 ostreis
768 2632 1016 2700 Puteolanis.
1070 2634 1153 2718 Apte
1185 2632 1226 2698 ad
1257 2632 1340 2699 huno

270 2741 369 2807 iocum
391 2739 584 2826 adiungitur:
608 2739 757 2806 meista
779 2739 938 2824 quidem
961 2739 1180 2820 desunt.**)

270 2947 504 2956 --——-—-.

323 3079 384 3150 *)§
408 3083 425 3134 6
448 3079 543 3136 eadem
565 3081 728 3150 temeritate,
755 3095 837 3150 quana
865 3096 938 3151 saepe
963 3081 1144 3152 reprehendo,
1172 3080 1339 3137 damnantur

370 3174 454 3230 verba
471 3190 575 3245 prope
595 3173 735 3229 omnium
752 3173 916 3245 fanorum,
939 3175 1103 3245 lucorum,
1127 3191 1188 3245 quae
1208 3191 1256 3231 cur
1274 3176 1337 3245 quis

371 3267 516 3337 addiderit,
535 3284 568 3323 ne
587 3267 684 3322 umbra
703 3267 812 3337 quidem
831 3284 921 3324 causan
940 3270 1091 3340 excogitari
1107 3274 1207 3340 potest.
1248 3269 1342 3340 Prope

370 3361 505 3417 infinitam
524 3377 554 3416 se
572 3360 739 3430 legationem
760 3361 875 3418 liberam
897 3363 1084 3418 obeundorum
1106 3368 1232 3419 votorum
1254 3378 1339 3420 causa

369 3456 573 3526 postulaturum
589 3454 675 3512 fuisse
694 3455 789 3512 Cicero
808 3455 884 3512 dicit.

306 3549 350 3619 **)
370 3551 437 3605 Cum
463 3552 534 3606 hanc
561 3549 781 3606 emendationem
808 3566 869 3606 cum
894 3549 1025 3619 UssIngio
1045 3549 1297 3619 communicassem,
1315 3550 1342 3606 is

370 3659 412 3698 me
440 3643 591 3713 admonuit,
619 3659 679 3699 eam
704 3645 760 3699 iam
788 3660 805 3699 a
831 3643 928 3699 Fulvio
947 3645 1047 3700 Ursino
1074 3641 1244 3715 propositam
1271 3657 1342 3699 esse.

370 3737 453 3794 Nolui
481 3743 573 3794 tamen
599 3737 698 3794 tollere
724 3737 864 3806 maluique
890 3738 943 3793 hoc
970 3753 1080 3806 quoque
1107 3738 1169 3796 loco
1201 3738 1342 3807 conqueri,

372 3846 454 3899 quana
481 3832 575 3888 multae
602 3837 630 3886 et
656 3831 775 3902 egregins
800 3830 956 3886 huiusmodi
984 3830 1190 3888 emendationes
1216 3836 1340 3888 ueterum

369 3924 502 3979 Italorum
530 3924 699 3992 odorumque
725 3924 861 3993 neglecta
886 3924 1004 3980 iaceant.
1048 3924 1126 3982 Idem
1144 3925 1259 3982 Ursinus
1276 3924 1343 3980 mihi

370 4018 400 4072 in
417 4017 488 4072 Liuii
505 4019 552 4073 lib.
571 4018 686 4075 XXVIII
705 4034 727 4073 c.
747 4018 790 4087 21,
809 4017 825 4071 2
842 4018 1033 4088 praeripuerat,
1057 4036 1110 4089 qno
1128 4020 1239 4075 Invento
1256 4033 1340 4089 paene

370 4109 520 4181 gloriabar,
539 4111 577 4166 de
597 4116 729 4168 catasta
747 4127 924 4168 servornm.
