3008 4650
302 304 343 366 70
670 303 730 357 niu.
749 303 771 357 1.
792 303 860 372 cap.
876 303 924 358 lv.

361 500 395 564 P.
411 499 506 566 5240
527 500 573 578 (in
588 499 691 565 verbis
705 500 875 578 Clearchi):
900 502 1001 568 τοῦτο
1026 501 1061 567 δὲ
1083 501 1189 583 δῆλον
1211 505 1246 566 ἐκ
1269 499 1329 585 της

261 613 308 673 ἔτι
343 607 397 672 ναί
431 607 496 673 νῦν
524 599 783 692 ὑπολειπούσης
815 609 893 692 περί
916 603 999 682 τούς
1020 601 1194 696 ἡγεμόνας
1216 601 1329 674 αιίτων

260 705 408 798 ἐσθῆτός
429 738 467 779 τε
489 714 544 780 καί
568 713 710 800 διαίτης.
743 713 896 794 Quoniam
917 733 1017 799 neque
1038 716 1104 797 ipse
1125 707 1329 781 ὑπολείπειν

259 838 314 902 pro
335 813 592 886 ὑπολείπεσθαι
621 818 755 903 positum
782 821 844 904 legi
873 841 972 904 neque
994 821 1033 886 eb
1054 819 1123 886 eliis
1147 822 1328 886 annotatum

205 973 209 980 .
259 924 357 1000 video,
379 945 472 1011 cogor
492 930 600 1008 pubere
630 925 778 1008 scriptum
809 927 884 992 oiim
913 927 1007 993 fuisse
1029 927 1093 1012 τῆς
1115 933 1163 995 ἔτι
1187 929 1242 996 ναί
1264 929 1329 994 νῦν

259 1025 503 1100 ὑπολοίπου
535 1027 677 1117 οὔσης.
730 1033 852 1110 (Genus
883 1019 1000 1098 mendi*
1019 1053 1141 1118 prorsus
1162 1034 1244 1099 idem
1272 1035 1328 1114 esi,

259 1139 342 1222 qued
363 1139 397 1204 in
418 1137 636 1204 Demosthenis
658 1141 734 1206 ersi.
758 1139 809 1213 47,
832 1138 873 1202 20
894 1140 1030 1218 sustuli.)

358 1256 393 1323 P.
407 1256 495 1322 5360
511 1257 555 1336 pin
569 1257 671 1322 verbis
683 1256 849 1340 Phylarcbi
864 1257 903 1322 de
914 1257 1082 1323 Pielemaec
1094 1257 1327 1341 Philadelphus

259 1363 391 1431 κατεῖδε
414 1357 469 1429 διιί
492 1389 594 1430 τινων
616 1358 879 1449 ὑπολαμπάδων
900 1359 982 1438 τοιίς
996 1365 1212 1453 Αἰγυπτίους
1234 1357 1327 1449 παρσί

258 1463 319 1537 τὸν
351 1466 511 1556 ποταμδν
548 1463 897 1556 ἀριστοποιουμένους
922 1497 950 1538 ιι.
972 1497 1002 1538 τ.
1026 1473 1055 1538 λ.
1119 1473 1216 1565 Recte
1250 1470 1329 1536 Mei-

259 1577 367 1643 nekius
390 1570 461 1645 σ’πό
485 1572 678 1662 λαμπάδων
699 1577 792 1643 scribi
812 1578 925 1654 veluit3
949 1576 1023 1662 quid
1039 1577 1153 1643 leiereb
1167 1579 1198 1642 in
1214 1575 1329 1643 litteris

259 1674 315 1750 διιί
348 1709 460 1762 τινων,
493 1705 553 1750 non
587 1684 773 1750 inveniebat.
828 1683 920 1749 Latet
944 1686 1010 1748 eine
1032 1684 1125 1750 dubio
1148 1679 1203 1751 δαί
1226 1709 1329 1751 τινων

259 1783 373 1859 σ’πῶν
394 1795 449 1859 eui
471 1787 526 1859 διαί
549 1792 629 1858 των
652 1783 784 1864 ὀπῶν,
806 1809 860 1872 per
875 1790 1034 1864 fenestrae.
1057 1809 1125 1874 quse
1143 1791 1175 1856 in
1193 1789 1329 1856 cubiculi

257 1899 375 1980 pariete
396 1901 495 1993 erent.¹

359 2017 392 2083 P.
404 2018 465 2079 545
477 2036 511 2083 a:
535 2009 776 2100 Ἀριστόξενος
798 2009 827 2082 δ’
847 2008 866 2082 c‘
879 2008 1046 2101 μουσικός
1061 2021 1098 2082 ἐν
1111 2015 1157 2104 τῷ
1178 2005 1327 2102 Ἀρχύτα

257 2123 323 2209 βίω
351 2115 470 2209 α’φίησι
500 2117 593 2207 παριί
623 2123 807 2189 Διονυσίου
838 2122 900 2189 τοῦ
930 2128 1094 2211 νεωτέρου
1115 2117 1330 2216 πρεσβευτάς

259 2223 345 2316 πρδς
377 2223 442 2316 τη’ν
480 2230 702 2314 Ταραντίνων
735 2221 837 2296 πόλιν
870 2255 899 2296 ν.
933 2231 1026 2297 τ.-λ.
1104 2231 1163 2295 Pro
1208 2223 1328 2317 α’φίησι

258 2335 453 2402 scribendum
475 2323 549 2403 esse*
565 2339 799 2422 σίφιιιίσθαι
823 2337 923 2423 φησί
953 2337 1019 2402 tem
1049 2337 1248 2403 menifestum
1270 2343 1327 2412 est,

257 2445 293 2510 nb
314 2444 437 2509 tentum
460 2442 648 2528 singularem
672 2442 792 2510 librarii
813 2463 948 2510 errorem
970 2462 988 2508 e
1009 2443 1109 2526 priore
1123 2443 1270 2528 litierep
1287 2443 1327 2510 ed

257 2549 387 2620 alteram
410 2550 536 2616 oculum
558 2550 772 2616 transferentis
794 2549 1004 2617 subeundum
1019 2552 1136 2631 pubem.
1173 2549 1239 2632 [Sic
1263 2549 1327 2616 iem

257 2656 462 2724 casaubonus.
506 2655 607 2736 Quum
636 2658 726 2743 longe
755 2657 794 2722 eb
823 2655 957 2738 simplici
982 2657 1026 2721 rei
1047 2655 1214 2739 aliquando
1236 2656 1327 2722 iacies

256 2762 369 2829 iudicio
405 2763 523 2828 distent
561 2763 707 2847 loquendi
746 2765 862 2848 figures,
901 2781 978 2846 ques
1002 2761 1254 2828 Hemsterhusiue
1287 2762 1327 2828 ed

256 2868 365 2935 Thum.
387 2869 471 2953 Mag.
493 2888 522 2935 v.
544 2869 649 2957 γεννᾷ
672 2868 806 2954 collegii,
829 2887 977 2952 exponere
1000 2867 1210 2950 supersedere]
1219 2867 1253 2954 *i

356 3008 391 3076 P.
407 3008 505 3073 558d
527 3009 574 3088 (in
596 3009 768 3094 fragmento
784 3009 923 3074 Anaxibe
945 3027 981 3074 ex
1002 3008 1107 3075 fabule
1128 3009 1325 3095 Νεοττίδι);
1397 3097 1399 3102 Ι

257 3114 329 3182 εἶτα
351 3109 542 3200 τετροίπους
562 3141 623 3201 μοι
645 3120 789 3203 γίνοιτο,
822 3116 916 3202 φησί,
943 3108 1009 3202 την
1030 3110 1117 3204 πρδς
1138 3110 1162 3203 ἢ
1184 3111 1325 3204 θρόνος,

257 3222 329 3290 εἶτα
352 3216 394 3310 δη“
416 3222 562 3309 τρίπους
582 3246 648 3299 τις,
672 3220 758 3299 εἶτα,
781 3223 875 3309 φησί,
898 3221 1060 3309 παιδίσκη
1082 3223 1213 3298 δίπους.

355 3329 393 3395 In
405 3330 504 3414 priore
518 3348 609 3396 versu
624 3329 836 3397 scribendum:
860 3329 954 3417 ppei,
977 3330 1127 3417 δίφρος
1147 3322 1325 3418 ἧθρόνος.

256 3436 307 3516 (In
329 3436 478 3507 Meinelrii
504 3436 680 3502 coniectura
707 3455 810 3521 neque
837 3437 1046 3504 coniunctivus
1076 3423 1153 3504 ferri
1169 3439 1272 3522 petest
1293 3440 1326 3503 et

256 3544 323 3608 uu
344 3541 499 3610 sententie
513 3541 650 3618 relativa
669 3544 775 3626 inepte
797 3545 867 3623 est.)

248 3675 251 3682 ’
355 3683 391 3747 Ρ.
407 3683 506 3748 crue
529 3684 574 3764 (in
596 3682 698 3750 verbis
719 3682 891 3763 elenchis
916 3689 1017 3772 ἔχωσε
1037 3686 1103 3769 μίν
1125 3684 1261 3759 Λυδίας
1283 3680 1323 3752 se*

255 3789 320 3856 νῦν
342 3795 389 3856 ἔτι
413 3782 627 3875 καλούμενον
649 3791 709 3876 τῆς
730 3789 866 3874 ἑταίρας
885 3793 1011 3894 μνῆμα
1034 3816 1062 3858 ιι.
1085 3817 1113 3858 τ.
1137 3793 1165 3857 λ.
1216 3791 1324 3876 Neque

140 4065 153 4076 ··
266 4005 337 4116 ⁸b)
353 4037 487 4101 1854ss
510 4046 540 4100 in
565 4045 656 4101 verbis
674 4045 816 4101 Ptelemaei
835 4045 948 4117 Septimi
970 4047 1176 4105 restituendum¹
1190 4049 1323 4117 ίερυοει-
1423 4043 1470 4050 ”

259 4169 264 4178 ·
354 4136 484 4208 μένους
501 4155 552 4209 pro
570 4138 802 4209 λερευσοιμένους.’
1020 4141 1022 4146 ’
1089 4141 1091 4146 ’
1276 4133 1279 4138 ’
