3008 4650
576 297 715 352 Ciceronis
733 297 880 352 orationes.
1163 297 1222 363 133

196 492 277 576 ipsi
309 493 497 577 denique.
529 495 573 559 ut
604 495 740 562 solent
771 495 903 579 loqui,
936 514 1008 560 non
1037 495 1173 562 dioere
1205 499 1263 562 aet.

196 597 306 682 Neque
329 599 465 682 ipsorum
487 601 634 686 suffragia
649 601 796 687 (singula)
818 602 951 668 multum
974 602 1116 682 ponderis
1137 601 1261 678 babent,

195 723 297 790 neque
318 707 418 791 gratia
439 707 545 774 valent
566 709 606 774 ad
627 708 807 775 candidatos
825 707 894 774 aliis
910 707 1185 786 commendandum
1206 707 1271 775 hoa

196 813 246 878 est
277 812 359 878 euim
392 815 564 899 suffragari.
620 814 655 880 Si
684 833 776 898 quem
798 833 834 880 ea
856 813 1011 881 dubitatio
1033 818 1146 894 movet,
1170 831 1263 898 quam

196 920 263 1001 ipse
284 918 324 984 ad
346 919 360 984 1
384 919 422 984 de
443 919 530 985 llinn.
554 922 595 984 20
618 919 750 1004 exposui,
782 939 837 1004 pro
865 921 951 986 sive
980 921 1175 987 scribendum
1206 921 1265 986 erit

197 1043 256 1092 ιιι.

298 1215 362 1282 Pro
383 1211 474 1283 Sulla
497 1217 533 1282 5:
566 1217 621 1282 An
654 1236 763 1295 vero,
797 1218 834 1283 iu
865 1217 1011 1301 quibus
1040 1216 1262 1283 subselliis

197 1324 276 1388 haee
297 1325 530 1388 ornamenta
551 1341 594 1388 ιι
615 1321 767 1388 lumina
788 1323 846 1388 rei
867 1323 1041 1407 publioae
1069 1322 1264 1397 viderem,

198 1431 236 1494 in
267 1429 330 1496 his
359 1447 415 1494 me
444 1448 637 1513 apparere
666 1429 831 1504 uellem,
860 1447 1023 1513 quorum
1056 1449 1126 1516 ego
1147 1430 1263 1496 illum

197 1535 236 1601 in
270 1535 398 1602 loanm
430 1537 553 1620 atque
586 1538 624 1602 iu
658 1536 757 1602 hane
787 1535 1108 1603 excelsissimam
1131 1535 1265 1602 sedem

198 1641 425 1727 dignitatis
447 1647 567 1727 atque
587 1643 754 1711 honoris
775 1642 919 1709 multis
942 1643 1039 1708 meis
1055 1635 1265 1727 etmagnis

198 1749 409 1815 laboribus
432 1751 470 1815 et
499 1747 700 1833 perieulis
730 1747 1031 1815 ascendissem?
1081 1749 1160 1829 Quid
1184 1752 1266 1814 asset

198 1858 228 1921 in
249 1859 385 1921 extrema
407 1861 492 1939 parte
514 1856 676 1922 seutentiae
701 1856 779 1930 vitii,
801 1857 963 1922 senserunt
984 1857 1088 1940 aliqua
1109 1875 1145 1922 er
1167 1855 1264 1938 parte,

198 1963 252 2045 qui
274 1963 305 2028 in
327 1962 483 2029 oodioibus
505 1964 608 2029 minus
630 1962 717 2028 bonis
739 1965 793 2028 aut
814 1982 898 2029 oum
920 1983 975 2046 pro
998 1982 1163 2047 quorum
1193 1962 1265 2027 sub·

199 2068 367 2135 stituerunt
395 2072 450 2136 aut
478 2072 547 2153 post
575 2090 644 2157 ego
673 2067 861 2136 addiderunt
890 2088 1008 2153 opera
1037 2072 1092 2136 ant
1120 2088 1190 2152 ope
1211 2070 1267 2135 aut

199 2175 361 2242 auxilio.
406 2175 693 2244 Manifestissimunr
717 2179 766 2244 est
784 2177 866 2243 enirn
883 2195 981 2260 noque
996 2177 1079 2243 reete
1095 2175 1265 2259 postillam

198 2283 410 2364 pronominum
432 2283 514 2354 inter
536 2301 568 2350 se
589 2283 741 2350 contrarie
756 2285 922 2350 relatorum
941 2282 1203 2349 coniunctionem:
1226 2281 1266 2346 in

200 2383 348 2473 quibus
369 2389 653 2469 subselliis-‚
677 2391 715 2455 in
737 2392 799 2457 his
815 2431 865 2470 -‚
888 2391 932 2456 sio
955 2391 1063 2456 subiici
1086 2407 1267 2472 quorum,

200 2501 235 2561 ut
256 2497 405 2562 referatur
426 2497 466 2561 ad
488 2502 724 2562 ornamenta
752 2516 794 2563 ιι
823 2497 977 2562 lumina
999 2494 1265 2577 reipublice,

200 2620 297 2685 neque
312 2604 436 2688 omnino
451 2620 522 2668 oum
535 2602 711 2668 huiusmodi
727 2605 868 2688 genetivo
884 2603 1018 2686 oopulari
1039 2616 1127 2686 posse
1149 2600 1267 2666 illum

199 2709 330 2802 loonnu
352 2709 466 2785 (laeum
490 2711 739 2776 ornamentorum
759 2709 806 2774 rei
832 2709 986 2792 publicae),
1017 2727 1054 2773 ne
1083 2708 1183 2772 dicam
1198 2713 1268 2773 ne·
1431 2770 1435 2776 .

200 2817 330 2882 oessario
352 2816 539 2882 sententiam
561 2801 720 2882 terminari
742 2817 773 2882 in
796 2817 889 2883 verbo
910 2814 1058 2880 nollem
1082 2802 1166 2880 etin
1181 2830 1267 2878 oom-

200 2921 358 3005 paratione
380 2922 534 2990 Ciceronis
555 2929 587 2988 et
607 2925 790 3003 ceterorum,
818 2923 870 3006 qui
894 2920 1006 2988 adsint.
1051 2919 1162 2987 Omnia
1183 2919 1270 2984 reeta

201 3031 291 3095 erunt
312 3031 357 3095 sio
385 3031 515 3114 scripta:
546 3032 601 3094 Aa
629 3048 720 3096 vero
744 3076 751 3092 .
775 3076 783 3092 .
807 3076 814 3092 .
839 3075 846 3091 .
869 3047 925 3094 me
954 3045 1150 3111 apparere
1179 3025 1268 3091 nol-

200 3133 298 3200 lem?
347 3136 434 3212 Quor
467 3154 547 3220 ergo
579 3136 694 3203 illum
727 3137 766 3200 in
797 3137 927 3203 loonm
957 3137 1075 3219 atque
1102 3134 1141 3200 in
1169 3133 1269 3198 hano

202 3241 523 3308 excelsissimam
553 3242 685 3309 sedem
709 3290 716 3306 .
740 3291 747 3306 .
773 3289 780 3305 .
804 3287 811 3304 .
834 3242 1133 3310 ascendissem?
1168 3239 1268 3304 Inter-

200 3348 335 3433 rogando
367 3347 471 3416 Gieero
507 3351 652 3428 ostendit,
689 3351 715 3415 si
752 3348 783 3414 in
817 3349 856 3414 iis
890 3345 1052 3423 subselliis¹
1089 3347 1120 3410 in
1157 3345 1268 3427 quibus

201 3457 362 3523 senatores
382 3453 546 3522 elatissimi
567 3451 706 3530 sedeant,
728 3471 873 3540 apparere
895 3453 1003 3533 nollet,
1029 3453 1142 3518 frustra
1162 3459 1269 3532 sump-

202 3564 266 3628 tam
302 3562 396 3629 fuisse
427 3580 548 3628 omnem
581 3561 791 3628 anteoedeutis
822 3560 895 3627 vitae
926 3559 1120 3626 industriam.
1177 3556 1269 3620 Error
1331 3595 1333 3599 -

201 3670 348 3736 facillime
380 3671 472 3736 natus
505 3670 553 3736 est
584 3685 620 3734 er
651 3669 779 3751 antiqua
807 3667 959 3749 scriptura
980 3672 1091 3750 (quor
1113 3682 1167 3747 pro
1189 3669 1271 3740 ιιι)

202 3795 262 3843 ιιι
284 3775 453 3842 intellectu.

305 3915 382 3984 lbid.
412 3917 470 3984 20:
504 3935 632 4000 neque
665 3915 770 3982 enim
803 3914 865 3980 est
896 3930 1019 3980 eausa
1050 3911 1272 3979 adversata

203 4028 375 4102 naturae,
409 4041 480 4090 neo
511 4023 623 4088 bomo
655 4041 727 4088 ιιι
758 4039 822 4086 ιιι
852 4019 1150 4087 misericordia
1178 4031 1272 4082 meaa

203 4131 457 4214 repugnavit
512 4128 615 4195 Nimis
640 4129 762 4195 infinite
790 4132 943 4195 naturae
972 4126 1085 4193 dieitur
1116 4143 1169 4208 pro
1200 4141 1277 4188 na·
