3008 4650
523 296 661 352 Cicer'ouis
681 297 826 352 erutiones.
1107 298 1164 359 141

142 492 312 563 cretionem
345 511 412 559 esse
445 493 668 560 Mommsenius
705 492 793 567 vinis
829 495 1008 580 corrigendo
1046 496 1209 562 aberrauit.

141 598 222 668 Nem
245 603 316 683 post
337 620 409 666 non
433 599 605 684 deniqne
627 599 794 682 requiritur
816 599 1000 684 significatio
1023 601 1099 681 eius,
1128 601 1211 685 qnod

142 706 309 774 minimum
330 705 499 792 exspectari
521 705 672 774 debueris
716 705 789 771 Sine
811 705 906 773 dnbio
929 708 1080 790 scriptum
1093 707 1208 774 iuerat:

143 829 216 879 neu
239 810 942 898 denique<nen>udclesceniemq
979 812 1210 882 Neluiicieere

143 938 276 986 senem
300 919 412 998 dicere,
434 918 581 1003 quoniam
603 919 678 986 sutis
701 923 767 986 eret
788 918 885 988 virilis
910 921 1011 988 ciniis
1033 919 1209 1003 poniificem

143 1027 278 1094 affuisse
314 1026 450 1092 Librario
471 1025 574 1090 minus
596 1023 762 1110 diligenter
783 1025 957 1094 ntiendenii
976 1026 1073 1094 aliern
1087 1028 1209 1112 negatio

144 1132 301 1200 abundare
323 1131 391 1199 nisu
410 1132 509 1210 esi.*)

244 1261 322 1328 lbid.
355 1262 431 1328 141:
467 1261 596 1341 Quare
632 1261 728 1343 qnid
765 1265 828 1328 est
862 1263 1020 1340 mirum,
1057 1261 1092 1328 si
1127 1261 1212 1327 ists

143 1372 273 1436 meins
295 1368 430 1436 furore
452 1368 695 1444 instinctus,
717 1369 873 1434 scelere
889 1388 1067 1452 praeceps
1084 1386 1212 1452 neque

143 1475 368 1542 institutes
400 1476 650 1542 caerimnnins
683 1474 872 1559 persequi
901 1494 1028 1560 usque
1050 1477 1211 1542 verbum

145 1581 271 1648 ullum
293 1580 491 1647 sollemne
513 1581 650 1664 potnit
671 1581 818 1647 efferi?
861 1583 970 1665 Neque
999 1583 1112 1646 furor
1133 1600 1211 1646 me-

144 1689 209 1754 tus
232 1687 513 1770 reciediciiurprn
536 1707 683 1772 perone
704 1692 824 1771 nique
846 1688 995 1767 iurene,
1018 1706 1116 1771 neque
1131 1688 1213 1753 ullus

144 1795 292 1862 minimus
321 1795 353 1860 in
375 1793 483 1860 Clodio
510 1794 700 1880 significetur
728 1797 866 1864 meins.
922 1793 1121 1868 Scribendnm
1145 1795 1210 1860 esi:

145 1901 262 1970 insutis
283 1900 419 1968 furere
440 1902 677 1968 iusiincius.

246 2091 292 2159 Dc
314 2089 448 2178 hcrusp·
470 2109 555 2180 resp.
579 2093 615 2158 ⁷:
637 2110 730 2158 voce
751 2092 908 2159 tantum
931 2092 1059 2176 nitigi
1082 2092 1215 2176 legum

147 2200 313 2266 initium
344 2201 383 2264 ei
414 2197 569 2284 indicii.
625 2198 686 2278 Qui
707 2196 932 2264 accusationem
953 2197 1046 2265 elicui
1068 2199 1213 2276 minatur,

147 2324 245 2391 neque
272 2289 436 2372 initium
464 2324 564 2390 nsque
591 2305 685 2370 finem
713 2304 819 2390 legum
848 2305 977 2373 dicendo
999 2305 1137 2390 attingit,
1160 2305 1214 2371 sed

148 2413 201 2478 nui
222 2409 405 2496 simpliciter
427 2413 512 2498 leges
528 2414 593 2487 aut,
607 2412 688 2496 qued
705 2411 881 2478 Ciceronem
898 2412 1057 2495 scripsisse
1073 2412 1213 2487 arbitror,

147 2520 278 2608 legum
312 2519 431 2586 metum
464 2520 503 2584 ei
534 2518 693 2586 indicii.
738 2519 851 2602 (Supra
884 2519 904 2598 ξ
939 2519 956 2580 1
989 2517 1212 2602 periculum

149 2625 295 2693 indicii
317 2623 472 2704 dinem)

248 2753 328 2822 Ibid.
365 2755 424 2822 46:
468 2753 551 2820 Non
593 2753 841 2820 sedabantur
879 2751 1108 2830 discerdiae,
1147 2754 1215 2818 sed

149 2863 270 2930 eiiam
292 2861 504 2928 crescebat
524 2859 563 2927 iu
586 2878 652 2927 eos
675 2859 825 2940 odium,
847 2879 865 2924 a
887 2858 1033 2944 quibus
1055 2877 1125 2925 nes
1147 2860 1215 2926 de·
1241 2854 1251 2870 “

149 2969 260 3034 feudi
282 2968 531 3051 putabamur.
568 2965 605 3032 In
619 2966 777 3033 codicibus
792 2966 928 3050 antiquis
950 2965 1042 3045 (Pu)
1065 2965 1216 3039 defensi
1322 3033 1325 3042 ,

148 3074 303 3141 scribitur.
320 3072 519 3140 scribendum
533 3071 599 3138 sine
612 3073 706 3141 dubie
718 3075 781 3141 esi:
795 3091 814 3139 a
829 3073 974 3156 quibus
988 3091 1058 3139 nos
1068 3075 1214 3157 <ucn>

150 3181 308 3247 defensi
329 3180 585 3261 putabamur,
607 3181 664 3248 aui
686 3181 826 3248 inninm:
848 3199 867 3246 n
888 3178 1035 3264 quibus
1057 3197 1122 3246 nnn
1148 3181 1216 3244 de-

148 3287 256 3354 fensi
277 3305 306 3369 p.
359 3284 429 3352 Non
460 3286 493 3351 in
524 3303 557 3350 se
590 3302 721 3368 suesque
752 3286 856 3370 peries
887 3285 1011 3352 aucium
1033 3287 1105 3368 pnsi
1126 3305 1217 3352 sunm

202 3578 228 3646 *i
247 3579 262 3648 q'
282 3577 334 3635 132
352 3593 367 3632 e
387 3577 527 3633 codicibus
550 3575 752 3637 restituendum
776 3581 818 3632 esi
846 3592 883 3631 ex
911 3574 1036 3630 vestris
1065 3574 1216 3630 manibus

251 3686 286 3726 cc
303 3670 436 3726 fecibus
454 3671 564 3742 eripui
587 3670 647 3740 (pre
675 3667 851 3737 faucibus).
897 3667 921 3720 Ε
945 3665 1069 3722 faucibus
1094 3667 1216 3736 eripitur,

252 3763 326 3833 quod
343 3764 404 3832 quis
418 3759 550 3820 devenere
563 3770 686 3831 conatur,
699 3755 772 3831 qued
785 3760 818 3816 de
830 3777 861 3816 re
874 3760 984 3830 publice
996 3761 1090 3830 inepte
1104 3760 1215 3830 dieitur3

252 3863 347 3912 oruicr
373 3855 529 3912 incendium
557 3857 618 3911 urbi
645 3857 808 3912 intentatum
835 3871 852 3910 a
878 3852 1045 3922 Cutilinuriis
1073 3853 1216 3922 siguificat.

251 3950 293 4006 De
311 3949 327 4019 ἓ
346 3948 399 4004 140
416 3949 473 4004 dixi
494 3951 581 4004 Kleiuc
599 3951 766 4018 philnlcqirclre
786 3949 907 4016 Sclrruflcn
925 3965 951 4016 p.
971 3947 1030 4002 373.

187 4044 234 4110 **)
252 4044 268 4113 5
287 4043 331 4108 25,
359 4042 393 4098 de
421 4059 475 4111 qun
503 4043 563 4098 leco
594 4042 649 4097 dixi
677 4042 746 4098 Adv.
771 4040 836 4096 erit.
859 4041 887 4095 ΙΙ
910 4058 935 4110 p.
955 4039 1015 4108 225,
1040 4039 1159 4096 fortusse
1183 4057 1215 4095 ex

252 4137 420 4192 liberatus
439 4135 541 4190 rectius
560 4134 676 4191 efficitur
694 4133 787 4192 iiiene
806 4131 895 4191 cuitu.
