2974 4660
314 290 352 352 16
690 291 750 346 Lib.
769 293 790 346 Ι.
813 294 879 360 cap.
899 291 920 345 1.

270 493 466 572 propagatur,
488 487 518 552 in
544 507 604 571 quo
621 493 729 570 praeter
745 493 912 554 extremam
928 506 1034 554 vocem
1049 491 1152 554 omnia
1167 483 1341 552 rectissima

264 598 359 669 .sunt;
384 613 453 659 nam
478 594 559 677 quod
582 593 709 676 quidam
732 594 862 663 verbum
884 595 1048 679 ἐκτρίβων
1062 591 1241 661 calumniati
1256 592 1339 666 sunt,

271 699 465 781 aptissimum
481 701 510 764 id
528 703 576 764 est
591 700 630 766 ad
645 701 751 765 caelnnr
770 700 945 766 durissimis
960 701 1100 770 Atlantis
1115 698 1213 783 tergis
1224 698 1269 762 ita
1280 697 1341 762 im·

270 804 404 885 pesitum
427 805 674 888 significandum,
698 808 735 871 ut
756 824 816 872 non
831 807 933 872 minoe
947 807 1059 890 globus
1074 807 1208 874 caelestis
1223 803 1342 868 teratur

270 929 362 992 qnam
377 912 474 994 terga.
512 913 660 994 Superest
681 912 777 996 igitur
797 931 894 979 unum
914 917 1094 995 certumque
1109 911 1142 978 in
1157 911 1219 976 fine
1235 927 1341 976 verens

270 1016 428 1098 mondum,
445 1019 525 1101 quod
540 1019 699 1084 lenissima
714 1018 928 1084 emendatione
943 1017 1073 1096 tollitur,
1089 1037 1143 1100 pro
1158 1019 1255 1084 θεῶν
1268 1015 1341 1082 sub-

270 1123 380 1188 stitnto
394 1149 414 1190 ν
424 1126 439 1190 ε’
447 1149 508 1190 ον.
542 1124 620 1190 Cum
632 1124 697 1190 sale
709 1124 843 1207 quodam
857 1127 889 1190 et
903 1124 973 1190 lusu
985 1123 1156 1192 Mercurius
1169 1123 1342 1197 Atlantem,

271 1229 324 1311 qui
357 1249 448 1295 senex
480 1231 608 1315 fingitur
641 1234 674 1295 et
704 1231 863 1314 antiquam
885 1226 1064 1311 (actardo)
1087 1231 1212 1298 deorum
1235 1229 1342 1295 sedem

271 1335 419 1408 sustinet,
452 1355 544 1402 unam
577 1355 612 1402 ex
643 1335 812 1402 iuvenculis
845 1341 876 1402 cl
908 1338 1036 1404 noviciis
1068 1337 1183 1404 deabm
1217 1353 1342 1400 uxorem

271 1442 391 1508 duxisse
414 1441 500 1510 dicit.
544 1441 645 1522 Quam
667 1442 757 1508 facile
779 1442 878 1525 prima
900 1445 1003 1510 littera
1020 1447 1104 1510 vocis
1119 1443 1214 1520 νίνιν,
1229 1441 1341 1507 eadem.

271 1547 496 1630 precedentem
532 1567 638 1616 vocem
670 1550 867 1628 terminante,
901 1550 1040 1618 excidere
1062 1550 1205 1632 potuerit,
1230 1546 1343 1613 deinde

260 1653 311 1720 ad
344 1655 525 1724 vocabulum
551 1655 676 1737 plenum
699 1655 897 1722 efficiendum
927 1664 956 1723 θ
983 1656 1065 1730 addi.
1096 1655 1172 1722 nihil
1195 1673 1271 1743 opus
1293 1657 1345 1720 cst

262 1763 422 1844 persequi.

425 1902 483 1964 174
505 1921 591 1987 sqq:

366 2000 414 2073 οιί
436 2009 547 2076 νιείσει
569 2009 686 2095 χωρῶν
708 2013 745 2076 ἐν
768 2008 877 2082 δίναις

371 2127 447 2188 ταῖς
469 2108 634 2202 Ἀλφειοῦ
657 2105 871 2203 παιδούργει,

373 2214 396 2302 ἢ
419 2213 530 2296 coinon
547 2219 716 2308 Ἴσθμιον
724 2247 737 2303 ,·

272 2349 325 2416 Sic
346 2351 476 2430 codices,
499 2351 559 2414 nisi
582 2353 664 2433 quod
692 2357 729 2416 ἐν
758 2357 831 2417 ante
855 2353 965 2424 δίναις
993 2350 1112 2416 omittit
1133 2351 1227 2416 codex
1251 2348 1345 2414 Pala·

136 2536 141 2546 „
273 2456 355 2521 tinus
378 2460 409 2522 et
439 2459 568 2524 tortasse
598 2457 852 2524 Laurentianus.
885 2458 981 2524 Recte
1013 2457 1133 2539 pridem
1162 2455 1345 2522 restitutum

273 2581 339 2628 esse
362 2564 459 2639 δίνας
481 2589 544 2638 σας
564 2556 731 2646 Ἀλφειοῦ
754 2565 893 2630 ostendit
915 2564 946 2629 t
915 2583 1092 2650 χωρων
1125 2562 1206 2647 quod
1228 2562 1345 2686 alioqui

272 2688 396 2752 prorsus
432 2671 582 2748 abundat,
616 2675 649 2734 et
681 2669 814 2736 maxime
850 2669 933 2754 quod
975 2662 1195 2736 subiicitur
1173 2694 1195 2754 η
1233 2661 1346 2742 edane

167 2841 171 2848 .
258 2773 446 2861 Ἴσθμιον.
480 2776 572 2841 Sed
563 2797 595 2840 rn
618 2776 748 2860 utroque
769 2795 860 2843 versu
882 2777 1000 2862 syllaba
1021 2775 1113 2862 longa
1129 2775 1225 2854 deest,
1246 2793 1344 2858 neque

272 2878 303 2940 in
306 2880 472 2961 terrogatic
493 2882 550 2948 illa
572 2877 614 2950 σιί
635 2887 745 2950 πείσει
768 2885 853 2948 recte
875 2884 1019 2950 absoluta
1039 2884 1172 2966 ponitur
1199 2881 1345 2966 quoniam

271 2984 357 3050 nulla
387 2990 545 3068 praecessit
562 2988 685 3054 ‚adhort
670 2991 758 3055 tatic.
806 2989 937 3074 Utrique
958 2989 1153 3056 incommodo
1183 2988 1345 3054 subveniet

273 3088 340 3155 heac
360 3092 530 3175 scriptura:

372 3191 415 3262 ον’
437 3199 548 3265 πείσει
572 3200 641 3265 καὶ
664 3199 780 3286 χωρῶν
802 3200 899 3275 δίνας

372 3297 435 3379 nola
456 3299 621 3391 Ἀλφειοῦ
644 3301 960 3397 παιδουργήσει

373 3405 395 3495 ἢ
417 3403 530 3486 νοίπος
546 3408 715 3499 Ἴσθμιον
722 3441 735 3496 ,·

272 3533 370 3600 Recte
392 3537 424 3599 et
444 3537 558 3602 usitate
587 3536 823 3623 interrogationi
850 3537 1000 3624 negalivae
1025 3538 1206 3621 imperantis
1229 3539 1262 3604 ct
1284 3534 1344 3600 mi·

273 3640 375 3706 nantis
408 3639 584 3727 adiungitur
616 3664 671 3728 per
704 3645 759 3711 καί
782 3643 968 3711 affirmativa
995 3645 1098 3729 ipsum
1118 3643 1152 3712 id
1173 3643 1344 3715 continens,

264 3745 355 3828 ‘quod
376 3747 444 3813 fieri
465 3747 599 3817 iubetur.

373 3886 443 3954 331.
472 3887 642 3972 Postquam
657 3910 674 3956 a
690 3889 804 3956 Creusa
818 3892 1024 3976 interrogalus
1042 3891 1107 3970 Ion,
1123 3910 1197 3957 num
1212 3895 1342 3957 matrem

275 4011 362 4058 suam
386 3993 523 4061 invenire
546 3996 674 4061 conatus
697 3995 747 4074 sit,
769 3996 928 4094 respondit
950 4016 982 4062 se
1001 3997 1122 4064 nullum
1137 3997 1259 4072 habere,
1283 4014 1342 4079 quo

269 4101 388 4179 utatur,
416 4099 566 4166 indicium
596 4102 756 4185 signumve
789 4096 1011 4190 (τεκμήριον),
1041 4102 1156 4188 Creusa
1183 4101 1344 4187 subiungit

796 4346 817 4408 εί
