2974 4660
592 293 705 350 Homeri
723 295 797 350 Ilias.
991 349 993 358 ,
1169 298 1188 358 5

264 489 461 556 saracenum
483 483 634 569 talama
655 490 732 557 mire
755 493 787 556 es
808 492 977 558 insolenter
1001 512 1016 558 e
1039 493 1136 558 notua
1150 493 1232 557 nm·
1318 473 1322 488 '

163 595 247 677 poris
269 597 362 661 verbo
384 591 542 682 (ὄψομαι)
564 597 690 663 ductum
719 616 818 679 neque
845 597 939 664 simili
963 599 1100 680 exemplo
1122 599 1232 665 contir-
1316 627 1318 637 Α

163 705 283 770 matum
307 703 380 785 quid
403 723 473 770 cnm
495 703 639 788 genetivo
661 700 799 790 (ἄλλων)
818 707 1011 772 coniunctum
1036 703 1232 788 significaret,

164 808 226 892 ipsi
249 810 369 891 antiqui
391 811 583 896 ignorabant,
607 829 736 894 quaeque
758 813 789 876 in
812 811 937 877 scholiis
961 812 993 876 ct
1014 808 1097 894 apud
1118 812 1232 876 Eusta-

164 916 264 981 thium
287 916 496 998 proponuntur
517 917 785 998 interpretationes
807 919 962 995 (enarrant
981 917 1062 982 euim
1086 918 1140 982 aut
1162 915 1232 980 aliis

164 1024 297 1088 invisam
312 1008 381 1100 aut,
403 1041 495 1104 quem
518 1023 647 1088 aliorum
671 1042 740 1089 cum
761 1024 872 1089 timore
894 1025 1030 1107 pudeat),
1052 1042 1110 1088 non
1134 1022 1232 1088 solum

165 1127 283 1194 ratione
305 1133 408 1195 carent
430 1131 595 1213 formaque
616 1130 678 1212 ipsi
700 1130 842 1196 vocabuli
863 1131 1045 1214 repugnant,
1067 1129 1120 1194 sed
1136 1128 1231 1193 etiam

167 1237 368 1319 apsententiae
391 1239 421 1298 et
443 1237 585 1301 orationis
608 1256 685 1302 nexu
708 1256 831 1319 prorsus
855 1236 964 1302 alienae
987 1237 1068 1302 sunt.
1113 1236 1232 1301 Aristo·

166 1343 283 1426 phanes
312 1342 479 1426 Byzantius
508 1347 539 1408 et
567 1343 763 1408 Herodianus
793 1342 1007 1415 coniecturam,
1036 1346 1072 1406 ut
1097 1341 1234 1424 apparet,

167 1451 262 1515 secuti
286 1443 431 1529 ἐπόψιον
447 1449 620 1514 scribebant
642 1449 833 1533 intelligique
856 1449 999 1515 volebant
1022 1467 1101 1520 eum,
1125 1447 1232 1529 quiin

166 1555 297 1621 aliorum
319 1559 483 1636 conspectu
506 1561 556 1633 (ἐν
578 1551 655 1629 ὄψει
679 1552 802 1635 ἄλλων)
826 1555 958 1638 turpiter
989 1575 1021 1620 se
1051 1559 1179 1639 gereret,
1203 1554 1233 1616 in

167 1665 228 1745 qua
249 1663 401 1742 scriptura
423 1667 454 1726 et
476 1660 675 1734 enarratione,
699 1665 902 1744 praeterquam
930 1661 1012 1744 quod
1037 1680 1131 1743 prava
1146 1679 1236 1724 voca-

167 1769 232 1834 buli
255 1768 352 1832 lorma
373 1771 486 1841 manet,
512 1789 657 1852 perquam
679 1769 882 1839 incommode,
908 1787 947 1832 ne
974 1768 1072 1833 dicam
1095 1765 1234 1832 ridicule.

167 1875 290 1945 accidit.
312 1877 348 1939 ut
370 1875 466 1956 ipsius
487 1877 691 1957 turpitudinis
714 1879 807 1958 atque
830 1873 985 1940 dedecoris
1008 1875 1093 1938 nulla
1111 1871 1237 1937 omnino

168 1981 199 2046 in
222 1982 371 2047 vocabulo
400 1981 585 2064 significatio
615 1982 700 2058 insit,
713 1971 715 1978 ‘
730 1983 783 2046 sed
805 1981 1019 2047 tantummodo
1048 1979 1183 2043 hominio
1203 1978 1235 2042 in

169 2089 298 2153 aliorum
331 2090 495 2170 conspectu
529 2089 632 2169 positi.
687 2089 738 2153 Ad
775 2108 843 2154 eam
880 2087 1105 2159 difficultatem,
1143 2100 1235 2165 quam

169 2195 312 2260 adiectivi
335 2193 517 2278 significatio
541 2195 572 2259 et
594 2213 664 2260 cnm
686 2195 827 2279 genetivo
848 2192 1021 2259 coniunctio
1043 2192 1147 2273 habet,
1170 2187 1238 2252 duae

169 2302 236 2367 aliae
269 2303 419 2368 accedunt
452 2301 659 2366 aveteribus
692 2301 902 2383 grammaticis
933 2321 993 2366 non
1016 2297 1239 2364 animadversae

169 2411 224 2474 aut
245 2410 355 2474 sallem
378 2426 438 2472 non
455 2411 712 2485 commemoratae,
731 2406 899 2490 quodcum
915 2407 1109 2471 substantivo
1125 2395 1241 2487 λώβην

169 2515 339 2580 necessario
377 2513 507 2578 alterum
544 2513 774 2578 substantivum
818 2511 1022 2594 copulandum
1066 2514 1140 2588 erat,
1178 2527 1238 2573 non

170 2619 365 2698 adiectivnm,
387 2625 418 2684 et
439 2618 521 2700 quod
542 2617 599 2682 hoc
621 2621 721 2701 ipsum
744 2619 971 2684 substantivum
998 2614 1148 2683 eiusmodi
1171 2631 1238 2679 essa

171 2727 273 2804 debet,
308 2733 344 2790 ut
373 2726 532 2808 genetivus
554 2722 667 2790 ἄλλων
689 2722 783 2788 simul
813 2724 841 2788 ei
869 2723 928 2804 ipsi
950 2724 1044 2804 atque
1067 2721 1155 2785 alteri
1177 2717 1240 2804 τῆς

173 2827 286 2916 λώβης
307 2829 424 2894 nomini
445 2829 570 2912 adiungi
591 2828 699 2912 possit.
743 2828 853 2910 Neque
876 2827 956 2892 enim
984 2829 1123 2892 absolute
1146 2819 1240 2914 λώβη

172 2936 265 3001 homo
298 2936 358 2999 dici
390 2938 503 3018 potest,
538 2935 593 3000 sed
617 2929 719 3020 tolca
751 2929 876 3018 ἄλλων,
909 2935 961 3015 qui
988 2933 1057 2999 aliis
1080 2934 1239 3017 opprobrio

89 3099 93 3105 .
172 3044 266 3125 atque
298 3041 440 3107 dedecori
469 3043 517 3108 sit.
569 3041 814 3119 Substantiam,
836 3041 915 3123 quod
939 3042 1056 3106 certum
1081 3043 1129 3105 est
1149 3039 1239 3106 hica

171 3154 262 3230 poeta
293 3147 430 3230 positum
463 3147 566 3220 luisse,
602 3149 692 3232 quala
724 3149 791 3231 ipso
823 3166 895 3212 sono
929 3145 1103 3229 litterisque
1135 3145 1240 3222 luerit,

172 3254 299 3321 definire
331 3274 389 3320 non
422 3254 540 3333 ausim;
574 3255 798 3340 significatione
830 3254 915 3319 idem
948 3253 1015 3326 tuit,
1048 3253 1129 3335 quod
1157 3251 1239 3335 apud

171 3361 410 3444 Aristophanem
434 3361 679 3446 posterioresque
700 3354 790 3442 dreni
801 3384 903 3427 raeco
924 3365 1022 3434 sonat,
1036 3359 1095 3424 hoc
1112 3362 1172 3435 est,
1189 3377 1239 3423 sn·

171 3466 299 3552 gillatio,
322 3487 390 3551 quae
411 3487 466 3551 pro
488 3467 671 3553 gravimima
685 3468 872 3534 contumelia
886 3467 1009 3533 dicitur.
1055 3467 1141 3530 Paris
1157 3466 1239 3530 Hec-

173 3574 249 3639 toris
271 3572 384 3639 iudicio
406 3575 601 3655 opprobrium
623 3576 717 3656 atque
738 3574 895 3658 sugillatio
911 3577 1093 3646 ceterorum,
1108 3572 1241 3636 maxime

171 3678 270 3761 ipsius
294 3679 444 3758 Hectoris,
467 3687 541 3744 erat.

274 3786 310 3850 In
333 3784 441 3851 iliadis
463 3787 541 3851 libro
566 3786 620 3859 VI,
643 3785 703 3848 aab
726 3806 793 3870 sqq.
837 3786 964 3850 Hecuba
979 3785 1122 3850 Hectoris
1141 3784 1242 3849 mater

173 3891 229 3955 filii
252 3891 411 3956 admonitu
435 3892 548 3956 donum
572 3893 752 3972 praeclarum
766 3892 955 3975 prompsisse
970 3894 1120 3966 narratur,
1137 3889 1239 3954 velum

174 3997 337 4082 (πέπλον)
360 3996 642 4080 splendidissimum
665 4004 695 4062 et
718 3996 800 4081 quod
822 3997 902 4063 inter
923 3997 986 4062 alia
1001 3996 1134 4078 pretiosa
1149 3996 1241 4062 caris

174 4106 288 4169 simum
313 4105 395 4168 esset
414 4109 508 4184 atqua
531 4103 561 4167 in
585 4123 655 4168 arca
676 4105 740 4168 ima
767 4105 944 4186 repositum,
973 4109 1008 4169 nt
1036 4101 1068 4167 id
1090 4101 1246 4167 comitan-
