2974 4660
307 273 348 335 42
668 272 729 328 Lib.
748 273 770 326 1.
799 271 864 343 Cap.
883 271 933 327 111.

367 469 445 538 lbiu.
469 470 545 535 217:
570 457 670 544 ούτος
679 471 799 538 τοίνυν
811 476 849 537 ἐν
862 463 968 554 τούτῳ
991 467 1036 555 τῶ
1059 462 1152 554 νόμω
1176 466 1334 553 φαίνεται

266 577 375 651 ιιαιιῶς
397 577 572 664 ἐπιχειρῶν
596 571 689 662 ύμῶς
711 591 836 653 ποιεῖν,
869 569 912 643 δι’
942 564 983 642 ού
1009 589 1082 648 τοῖς
1109 567 1241 642 οἷδιιιεῑν
1263 580 1335 640 ἐπι·

265 684 435 771 χειρούσιν
471 685 558 750 εἰσίν
594 690 630 751 αἱ
662 685 832 770 τιμωρίαι.
887 681 986 750 Nulla
1021 701 1082 747 une
1116 681 1166 746 lex
1202 681 1334 765 intelligi

265 791 367 874 potest
388 791 446 856 nisi
468 792 536 874 ipsa
557 792 762 868 Timocrabia;
793 809 901 858 verum
934 807 970 855 ea
998 808 1059 856 non
1089 788 1335 860 continebantur,

263 897 320 964 sed
351 897 540 963 tollebantur
568 898 745 963 nocentium
773 915 879 982 poenae.
934 896 976 962 Et
1003 913 1055 961 eae
1085 897 1117 960 et
1138 895 1238 960 totam
1269 911 1335 958 rem

265 1003 422 1086 publicam
458 1005 559 1070 orator
588 1002 706 1082 dixerat
734 1003 884 1070 contineri
905 1016 978 1077 τοῖς
999 995 1120 1086 νόμοις
1141 1001 1335 1083 maximeque

265 1109 305 1174 iis
337 1108 468 1191 legibus,
502 1129 570 1194 quae
604 1111 641 1176 dc
674 1113 772 1194 poenis
807 1114 839 1176 eb
875 1109 1010 1194 praemiis
1046 1109 1158 1174 essent.
1225 1108 1335 1189 ltaque

265 1215 430 1298 scripserat
464 1219 648 1300 erutor:]ec
680 1210 789 1304 τούτῳ
824 1218 980 1303 φαίνεται
1016 1215 1124 1288 κακῶς
1158 1215 1335 1302 ἐπιχειρῶν

265 1315 358 1406 ῶμᾶς
386 1336 512 1398 ποιεῖν,
549 1318 591 1389 δι’
621 1313 663 1391 ού
691 1339 762 1399 τοὶς
791 1319 922 1390 α’διιιεῖν
944 1322 1170 1409 ἐπιχειροῦσιν
1192 1323 1278 1390 εἰσίν
1300 1325 1336 1386 αἱ

265 1429 434 1515 τιμωρίαι,
462 1431 493 1496 in
515 1450 550 1496 eo
572 1433 649 1514 ipso,
673 1452 732 1516 quo
754 1449 851 1515 pceuae
872 1431 1076 1508 continentur,
1106 1427 1164 1495 hoc
1185 1431 1242 1503 est,
1263 1441 1337 1500 τοῖς

264 1529 395 1621 νόμοις.
445 1536 504 1616 Qui
537 1557 598 1604 non
631 1540 826 1606 intellexerat
859 1543 895 1604 ἐν
928 1529 1039 1624 τούτῳ
1068 1536 1242 1621 generatim
1262 1534 1335 1608 dici,

264 1642 388 1708 addidit
408 1644 454 1730 τῶ
476 1637 580 1732 νόμω.

364 1833 498 1912 XXVII,
520 1835 577 1900 54:
602 1837 656 1901 aul
688 1833 884 1920 μαρτυρίαν
904 1839 970 1921 μὲν
992 1827 1159 1918 οὐδεμίαν
1174 1826 1336 1918 ἐνεβάλε-

263 1965 302 2007 το
326 1933 457 2007 τούτων
479 1935 498 2006 o‘
520 1934 615 2007 ταῦτ’
638 1945 749 2008 εἰπεῖν
778 1933 933 2018 α’ξιῶσας,
963 1941 1050 2028 ψιλῷ
1079 1941 1114 2007 δὲ
1141 1935 1227 2027 λόγῳ
1254 1961 1337 2025 χρη-

264 2040 414 2131 σύμενος
444 2042 487 2120 ῶς
520 2041 841 2134 πιστευθησόμενος
870 2043 912 2116 δι’
942 2048 1087 2114 ἐκείνων.
1132 2047 1336 2130 Perspicuum

268 2153 317 2218 est
338 2171 506 2236 pronomen
541 2155 688 2236 ἐκείνων,
712 2153 776 2221 sive
797 2173 852 2239 pro
873 2154 1045 2222 masculino
1067 2154 1132 2221 sivo
1154 2173 1209 2237 pro
1226 2155 1334 2218 neutro

265 2258 410 2342 accipias,
451 2258 531 2324 nihil
564 2259 689 2352 omniuo
712 2263 835 2338 babere,
873 2281 932 2346 quo
969 2261 1132 2344 referatur·;
1169 2258 1336 2342 requiritur

264 2369 370 2431 aulem
402 2365 586 2450 significatio
619 2367 690 2433 fidei
722 2369 854 2434 inaniter
886 2370 918 2434 et
952 2368 1018 2433 uiue
1051 2367 1116 2432 nllo
1152 2363 1336 2450 argumento

264 2471 427 2537 habendae:
443 2470 634 2554 scriptumne
649 2473 708 2538 fulb
726 2469 795 2540 διδ
820 2475 952 2540 κενῶν
973 2472 1071 2540 simili
1085 2491 1152 2550 usu,
1169 2473 1261 2556 atquc
1277 2466 1334 2538 δωί

265 2575 366 2662 κενῆς
388 2578 420 2641 el
442 2571 597 2653 διύκενος
619 2580 756 2647 dicitur?

364 2765 481 2843 XXIX,
508 2772 539 2832 1:
571 2772 619 2836 Εἰ
650 2764 701 2855 μη
735 2762 904 2855 πρότερόν
934 2794 994 2856 μοι
1025 2770 1119 2856 δίκης
1148 2773 1336 2856 γενομένης

263 2867 352 2958 πρδς
367 2870 544 2961 Ἄφοβον,
567 2867 591 2941 ῶ
614 2873 738 2960 ἄνδρες
761 2877 928 2954 δικασταί,
944 2870 1105 2967 συνῄδειν
1120 2875 1234 2963 πολλῶ
1253 2869 1336 2941 τού-

264 3007 331 3048 των
352 2980 457 3066 μείζω
481 2985 536 3049 uel
564 2975 725 3067 δεινότερ’
747 2977 856 3050 αύτοῶ
879 2990 1100 3069 ψευσαμένου
1122 2982 1243 3070 ῥᾳδίως
1265 2987 1336 3058 ἐξε-

264 3089 379 3175 λέγξας
402 3085 457 3154 διοί
473 3083 538 3173 την
553 3085 779 3175 περιφάνειαν
796 3091 865 3156 τῶν
879 3084 1113 3178 α’διιιημοίτων,
1129 3088 1336 3175 θαυμασίως

262 3189 309 3261 σίν
340 3188 384 3268 ῶς
411 3187 641 3281 ηὐλαβούμην
666 3191 718 3283 μη
750 3200 805 3265 καὶ
836 3199 902 3266 νύν
927 3194 968 3265 ού
991 3199 1132 3283 δυνηθῶ
1157 3198 1260 3274 δεῖξαι
1283 3197 1334 3282 πῆ

263 3297 518 3388 παρακρούεταί
540 3297 627 3369 ποθ’
662 3315 785 3372 ἕκαστα
817 3298 912 3392 ύμιὶς
946 3298 1068 3372 αύτῶν.
1121 3303 1228 3388 Neque
1250 3306 1337 3370 ποτέ

264 3409 373 3491 aptum
406 3410 461 3484 eso,
493 3427 593 3492 nequo
626 3411 697 3493 apte
725 3423 847 3480 ἕκαστα
881 3413 1012 3480 subiecti
1040 3412 1141 3478 locum
1163 3411 1256 3482 leuet,
1281 3409 1335 3494 qui

262 3513 434 3581 manifesto
456 3513 747 3597 Aphobouebotur.
784 3520 989 3586 Scribendum
1003 3523 1125 3603 opinor:
1149 3517 1198 3602 πῆ
1221 3542 1335 3600 παρα-

263 3615 423 3706 κρούεται
446 3615 543 3690 καθ’
564 3627 686 3691 εἰιαστά
709 3619 804 3712 ύμᾶς
826 3621 940 3694 αύτῶν
963 3626 1043 3702 (τῶν
1065 3617 1310 3711 α’διιιημύτων).

370 3773 472 3853 XXX,
496 3778 551 3839 14:
576 3772 663 3844 ὥσθ’
687 3771 773 3864 ύμῖν
795 3785 957 3865 γενέσθαι
981 3769 1133 3861 φανερῶν
1153 3773 1219 3854 ὅτι,
1238 3781 1269 3844 εἰ
1282 3772 1334 3863 μη

265 3880 319 3945 καί
342 3879 397 3946 ἐπὶ
420 3875 555 3957 τούτοις
577 3878 650 3951 ἄλλ’
673 3887 728 3951 ἐπί
752 3885 797 3973 τῷ
820 3880 875 3952 διῶ
898 3889 1023 3972 ταχέων
1038 3877 1231 3951 α’ποδοῶναι
1249 3878 1333 3970 τείρ-

261 3980 382 4073 ηύριον
403 3986 504 4074 εἶχον,
534 3984 596 4056 ούιι
625 3987 670 4056 ύίν
698 3985 775 4058 ποτ’
802 3985 975 4059 α’πέδσσαν
998 3984 1070 4059 οὐδ’
1092 3986 1137 4060 ῶν
1159 4006 1332 4078 προεῖντο.

262 4091 370 4176 Neque
393 4096 448 4160 ἐπὶ
472 4092 614 4172 τούτοις,
645 4115 705 4180 luo
728 4115 895 4180 pronomen
918 4098 1078 4176 referatur,
1102 4099 1206 4179 babel,
1230 4117 1332 4182 neque
