3008 4654
515 298 676 354 Ammianus
692 297 874 354 Marcellinus.
1129 297 1190 360 265

266 494 345 560 ibid.
362 497 390 576 5,
406 495 425 558 3
441 494 486 573 (in
501 493 707 578 descriptione
729 495 838 562 subita
854 495 1017 560 Persarum
1037 493 1234 573 incursionis

165 617 234 666 oum
258 601 429 666 Antiochia
450 601 482 667 in
504 601 626 668 theatro
647 601 734 684 plebs
757 603 907 678 redemti:
931 601 1104 666 retortis
1125 603 1247 683 plebe-

165 707 355 774 universa
373 707 605 774 cervicibus
627 709 911 774 exacervantia
933 709 972 772 in
995 727 1035 773 se
1058 707 1141 772 tela
1163 707 1243 772 de·-

165 814 324 880 olinans
346 815 555 897 spargitur
575 815 734 897 passim.
764 814 871 899 Neque
894 832 1134 880 exacervare
1156 814 1231 879 aiibi

164 920 276 986 dicitur
307 939 407 1004 nequa
438 920 633 988 intransitive
666 921 728 988 dici
761 925 873 1006 potest.
928 920 1129 988 Scribendum
1152 937 1243 986 exa·—

163 1025 324 1095 bcrantia.
392 1057 394 1060 ·
1000 1055 1002 1061 v

265 1133 342 1199 Ibid.
372 1135 402 1213 6,
436 1135 472 1200 6:
505 1153 547 1201 eo
580 1153 704 1218 usqae
737 1135 977 1217 propagatis
1009 1135 1233 1203 honoribus

164 1239 324 1318 (Arsacis),
355 1243 398 1307 ut
428 1239 475 1305 ad
496 1240 630 1306 nostri
658 1243 886 1306 memoriam
909 1260 982 1306 uon
1005 1241 1085 1307 nisi
1106 1243 1245 1308 Arsa·-

163 1345 274 1412 cidas
295 1347 330 1412 is
351 1348 457 1412 situs
479 1365 593 1430 quam
620 1347 659 1412 io
685 1346 946 1431 suscipiendo
967 1366 1089 1433 regno
1111 1367 1232 1414 cunc-

164 1453 219 1518 tis
240 1439 517 1536 anteponatur
530 1456 589 1519 cet.
612 1453 771 1519 Sententia
783 1454 891 1519 eadem
903 1453 1066 1536 dupliciter
1079 1454 1243 1520 enuntiari·

163 1560 295 1640 potarat,
317 1561 372 1624 aut
393 1561 447 1636 sio,
469 1562 513 1639 ut,
536 1559 563 1625 ni
584 1560 751 1626 Arsacides
771 1559 882 1644 aliquis
904 1560 1037 1637 adesset
1060 1560 1087 1624 is
1109 1577 1246 1641 semper·

164 1683 215 1730 rex
246 1665 364 1731 electus
396 1666 561 1744 dicaretur,
593 1669 648 1732 aut
679 1667 734 1745 sio,
766 1669 803 1731 ut
833 1668 902 1732 tum
930 1664 1066 1746 demum,
1089 1667 1229 1732 sinemo

163 1771 327 1838 Arsacides
356 1773 552 1854 reperiretur,
582 1773 633 1838 alii
665 1773 768 1840 aditus
797 1773 837 1838 ad
859 1791 987 1857 rognum
1010 1772 1243 1856 capessendum.

164 1879 254 1946 datas
282 1899 358 1946 esse.
426 1879 561 1944 Priorem
594 1880 725 1944 termam
755 1878 955 1946 Ammianum
988 1881 1126 1944 secutum
1163 1897 1231 1944 esse

163 1986 448 2052 manifestissimum
480 1988 529 2051 eet
557 2003 593 2050 ex
620 1978 725 2051 verbis
752 1987 912 2052 cunctis
945 1986 1246 2067 anteponatur..

163 2093 271 2176 Itaque
293 2111 329 2158 ex
345 2091 488 2157 codicum
510 2091 662 2174 scriptura
676 2095 847 2158 necessario
866 2092 1014 2158 afficitur:
1037 2094 1103 2156 ut.
1128 2137 1135 2152 .
1159 2136 1182 2170 .,
1204 2089 1248 2156 si.

164 2197 384 2265 Arsacides
402 2197 603 2283 situsquam
625 2199 663 2262 in
686 2198 949 2281 suscipiendo
971 2217 1092 2283 regno
1116 2216 1231 2265 cunc·

161 2306 216 2370 tis
251 2305 535 2388 anteponatur.
590 2305 650 2370 Sed
678 2305 752 2388 quid
778 2307 832 2371 fiet
852 2305 966 2371 litteris
988 2324 1062 2371 non
1085 2305 1139 2381 ni,
1164 2303 1256 2388 quae'

163 2414 235 2478 ante
257 2413 290 2477 si
313 2411 434 2493 scriptae
457 2414 552 2477 sunt?
597 2411 750 2477 Nimirum
782 2412 821 2478 iis
853 2414 978 2477 utemur
1010 2409 1051 2475 ad
1084 2410 1230 2475 emenda·

162 2518 276 2584 tionem
300 2518 520 2584 absolvendam
538 2520 571 2584 et
585 2517 833 2584 confirmandam.
857 2517 1054 2600 Perspicuum
1072 2517 1121 2581 est
1137 2517 1246 2592 enim„

161 2644 220 2690 non
236 2624 444 2708 posseLatine
459 2626 518 2690 diei
541 2625 586 2690 ad
608 2624 739 2690 nostri
760 2623 988 2689 memoriam
1010 2640 1065 2704 pro
1081 2641 1127 2697 eo,
1144 2621 1225 2705 qnod

162 2732 210 2797 est
230 2733 275 2797 ad
309 2733 487 2796 nostram
516 2731 762 2810 memoriam,
792 2748 848 2795 nec
869 2732 973 2794 tamen
995 2729 1057 2793 utto
1081 2727 1169 2792 modo
1193 2745 1246 2792 ex.

161 2839 337 2904 nostram
371 2835 422 2902 hic
453 2837 527 2901 oriri
559 2837 697 2919 potuisse
732 2835 874 2903 nostri.
929 2836 1038 2918 Itaque
1061 2837 1093 2899 in
1115 2834 1233 2898 littaris

161 2963 236 3009 non
258 2943 298 3008 ni
321 2944 399 3007 latet
420 2942 582 3027 genetivus
611 2942 797 3009 substantivi
826 2961 897 3006 oum
927 2942 1058 3007 nostri
1082 2938 1242 3024 copulati.

161 3049 419 3132 scribendumque
442 3051 506 3114 est:
538 3050 581 3114 ut
613 3047 660 3113 ad
681 3047 814 3114 nostri
837 3050 1062 3114 memoriam
1087 3047 1156 3125 avi,
1193 3046 1228 3111 si

160 3155 378 3223 Arsacides
400 3156 459 3220 cet.

262 3272 340 3338 lbid.
363 3272 381 3356 ᾖ
405 3273 444 3334 17
465 3271 532 3349 (obi
564 3273 669 3356 agitur
700 3273 829 3339 de'aere
851 3273 1000 3340 insalubri
1023 3275 1055 3336 et
1075 3269 1164 3335 letati
1193 3287 1245 3335 ax.

160 3377 297 3444 hiatibus
319 3382 408 3445 tarra
430 3377 599 3456 exhalata:
623 3378 711 3460 Quae
733 3379 821 3445 luas
844 3380 979 3446 oriens
1002 3397 1020 3444 a
1042 3374 1229 3462 profundo

160 3486 326 3569 quodam
361 3486 497 3567 puteo,
531 3503 613 3550 cum
650 3503 691 3550 os
723 3485 811 3551 eius
844 3484 1231 3556 excesseritlatum,

160 3598 374 3674 antequam
397 3590 615 3656 sublimius
637 3594 872 3675 vagaretur,
895 3594 1028 3658 terras
1050 3590 1226 3657 circum·

161 3697 265 3762 sitas
293 3695 593 3762 inhabitabiles
620 3696 847 3763 acerbitate
870 3697 1049 3765 fecisset.
1108 3697 1243 3763 Omitto*

161 3803 376 3886 suspicionem,
398 3821 467 3886 quae
488 3803 625 3868 nascitur
651 3821 687 3868 ex
708 3803 860 3870 adiectivo
888 3805 1014 3871 latum
1043 3822 1141 3886 neque
1170 3820 1242 3868 sno·

160 3910 226 3974 loco
248 3909 349 3992 posito
370 3926 470 3992 neque
501 3909 540 3972 ad
563 3927 628 3974 rem
655 3909 830 3993 pertinenti,
857 3909 1001 3994 quoniam
1022 3909 1100 3975 nihil
1121 3909 1229 3985 refert,

160 4033 253 4097 quam
275 4014 374 4080 latum
398 4017 495 4080 sitos
517 4015 616 4098 putei3
638 4015 671 4080 id
693 4014 773 4096 dico,
790 4035 834 4083 ‚ne
855 4019 996 4082 umbram
1014 4016 1139 4100 quidem
1157 4034 1226 4080 ora·

35 4107 39 4111 ’
160 4121 253 4186 tionis
286 4121 368 4186 recte
402 4120 582 4186 coherentia
618 4140 686 4187 esso
723 4121 755 4186 in
779 4122 848 4188 boc
884 4140 1029 4189 concursu
1066 4123 1243 4189 sententiae·
