2974 4660
610 252 722 308 Homeri
740 252 813 310 Ilias.
1187 253 1205 312 ’ί

177 471 231 516 eas
265 450 457 528 conficerent,
492 451 721 533 comparaverit.
779 449 840 515 Sed
872 449 964 534 louge
996 448 1158 514 molestius
1189 453 1248 525 est,

172 557 263 641 quod
285 558 429 628 narratio,
451 556 550 640 qualis
572 574 652 621 nunc
675 556 815 639 traditur,
831 555 990 638 perspicue
1004 555 1102 636 poetae
1119 554 1246 620 consilio

178 665 394 746 propositoque
423 665 583 746 repugnat.
632 663 760 728 Hecuba
782 662 855 740 dea,
885 661 966 745 quod
988 659 1244 743 pretiosissimum

179 770 466 852 studiosissimeque
508 769 701 834 reconditum
736 768 833 834 habet
869 769 1092 840 ornamentum,
1116 767 1247 832 donum

178 877 275 943 offert.
318 876 394 942 Haec
415 877 520 942 autem
537 875 672 940 muueris
687 873 868 957 prestantia
881 891 1097 955 summumque
1112 873 1246 954 pretium

176 983 208 1046 in
233 983 423 1065 adponitur,
449 979 530 1064 quod
554 982 656 1064 ipsum
686 999 756 1045 cum
787 980 896 1046 ceteris
919 979 1055 1045 restibus
1080 978 1245 1046 reconditis

169 1087 326 1174 ,singulari
349 1108 421 1154 casu
443 1106 479 1153 ex
501 1085 667 1172 longinqua
690 1091 770 1152 terra
786 1069 924 1152 ¹*allatum
939 1087 991 1161 sit,
1007 1085 1090 1150 unde
1106 1085 1244 1151 eiusdem

177 1196 298 1280 generis
317 1195 378 1260 alia
399 1212 457 1259 uon
480 1192 570 1258 facile
592 1195 706 1260 arcessi
728 1192 863 1276 possint;
887 1192 1082 1258 imminuitur
1104 1208 1245 1276 prorsus-

169 1322 235 1386 ‹que
257 1301 378 1367 tollitur
400 1299 471 1365 doni
492 1301 635 1381 pretium,
657 1298 685 1363 si
708 1297 881 1364 huiusmodi
902 1300 1004 1364 vestes
1027 1300 1058 1363 in
1081 1299 1147 1382 ipsa
1168 1301 1244 1364 urbe

177 1409 311 1474 Troiana
331 1427 350 1472 a
372 1405 551 1472 mulieribus
575 1424 610 1469 ec
633 1405 770 1470 advectis
786 1404 993 1472 conficiantur.
1040 1404 1143 1470 Pauca
1159 1425 1243 1488 qua-

84 1580 88 1590 Α
175 1517 244 1578 dom
279 1513 371 1578 huius
399 1511 563 1594 singularis
596 1512 689 1593 atque
723 1509 862 1575 Troianis
895 1511 1007 1594 ignotae
1041 1512 1117 1576 artis
1150 1529 1243 1598 opera

171 1621 296 1686 Troiam
320 1617 414 1683 allata
436 1635 503 1682 esse
527 1618 648 1697 oportet
669 1618 762 1699 atque
785 1618 823 1681 ab
840 1616 965 1682 Hecuba
986 1618 1023 1683 ob
1045 1619 1144 1699 ipsam
1165 1619 1242 1683 rari-

174 1728 282 1804 tatem,
305 1723 447 1806 quodque
469 1721 553 1787 nulla
579 1741 683 1786 eorum
707 1721 978 1804 comparandorum
1001 1724 1173 1789 communis
1195 1727 1240 1790 fa·

165 1832 274 1899 cultas
296 1831 346 1904 sit,
370 1829 529 1896 carissima
550 1828 656 1894 haberi
678 1847 861 1911 summaque
883 1847 955 1894 cura
977 1829 1101 1896 servari.
1131 1831 1239 1915 ltaque

165 1941 211 2004 ,ab
244 1939 312 2020 ipso
345 1946 436 2019 poeta
470 1956 517 2001 res
551 1935 641 2000 aliter
674 1936 795 2000 narrata
823 1937 897 2009 erat,
919 1936 965 2000 ita
986 1938 1099 2016 tamen,
1123 1939 1158 2001 ut
1179 1957 1240 2005 una

170 2047 292 2110 tantum
317 2043 422 2108 littera
454 2042 497 2118 id,
531 2043 611 2127 quod
645 2061 724 2108 nunc
757 2041 912 2116 scribitur,
950 2062 968 2107 a
1002 2043 1103 2124 prima
1142 2044 1241 2110 forma

158 2117 344 2216 deflexerit:

255 2287 331 2358 ἕνθ’
353 2288 435 2357 ἔσαν
457 2295 488 2357 οἱ
511 2293 648 2365 πέπλοι,
672 2291 888 2375 παμποίκιλα
911 2287 993 2377 ἔργα
1015 2293 1187 2379 γυναικῶν

256 2397 432 2475 Σιδονίων,
454 2391 550 2470 coria
572 2389 676 2470 αὐτὸς
698 2391 919 2484 Ἀλέξανδρος
941 2393 1101 2484 θεοειδής

251 2501 359 2591 ἤγαγε
384 2502 593 2588 Σιδονίηθεν
615 2528 642 2568 ιι.
664 2529 692 2570 τ.
717 2505 745 2568 λ.

162 2644 433 2724 Quemadmodum
457 2644 584 2708 minima
612 2642 827 2725 facillimaque,
856 2645 892 2709 ut
920 2645 1065 2711 Plautino
1090 2645 1236 2712 vocabulo

169 2754 248 2824 utar,
271 2749 473 2832 incogitantia
494 2749 659 2829 obrepente
681 2766 846 2829 pronomen
871 2750 909 2814 ab
931 2750 1039 2834 peplis.
1053 2751 1091 2816 ad
1111 2751 1236 2835 propius

169 2855 341 2939 purcravio
363 2871 474 2919 nomen
495 2852 653 2917 transferri
668 2853 813 2935 potuerit,
830 2855 905 2919 nihil
921 2875 997 2940 opus
1013 2860 1060 2923 est
1075 2856 1234 2940 explicare.

269 2995 328 3058 His
351 2995 467 3059 duobus
489 2993 564 3058 lucis
586 2993 713 3059 tertium
736 2993 934 3064 adiuncturus
957 3017 1051 3073 eram,
1080 3001 1132 3078 tv,
1164 3001 1234 3079 191,

160 3101 220 3166 nti
242 3101 388 3166 facillimo
411 3103 464 3164 aut
493 3101 710 3200 pronuntiandi
740 3105 794 3167 aut
821 3102 974 3169 scribendi
1002 3125 1102 3172 errore
1133 3107 1235 3171 ortum

159 3208 223 3286 est,
246 3207 326 3289 quod
348 3224 427 3271 nunc
449 3204 564 3270 editur:
736 3212 743 3224 ¹

266 3341 414 3435 φάρμαχ’
436 3345 458 3414 ά
482 3373 540 3414 κεν
563 3342 713 3437 παιίοῃοι
734 3343 930 3433 μελαινάων
951 3345 1117 3431 ὀδυνάων,

159 3509 219 3572 pro
242 3508 287 3561 eo,
310 3489 389 3572 quod
411 3490 582 3571 antiquitus
605 3489 754 3572 scriptum
776 3490 871 3556 fuisse
893 3495 1011 3558 certum
1033 3496 1095 3558 est:

265 3621 413 3715 φάρμαχ’
436 3624 458 3693 ά
481 3653 539 3695 κεν
561 3625 703 3717 παιίοῃ
725 3656 768 3698 ue
789 3626 987 3721 μελαινάων
1009 3626 1173 3702 ὀδυνάων.

157 3757 270 3850 Neque
293 3771 374 3834 enim
391 3769 568 3852 pronomine
591 3787 692 3836 carere
716 3775 812 3838 oratio
834 3775 898 3841 ullo
921 3776 1010 3842 modo
1033 3776 1149 3859 potest;
1174 3776 1228 3842 sed

164 3873 251 3939 video
282 3877 328 3940 ita
359 3875 452 3940 etiam
481 3877 512 3939 iu
540 3877 642 3942 codice
670 3896 728 3944 nnc
753 3880 783 3944 et
804 3883 902 3946 altero
925 3883 1074 3965 scriptum
1096 3899 1172 3957 esse,
1194 3883 1230 3948 ut

157 3980 336 4044 coniectura
357 3980 434 4046 nihil
456 3983 497 4048 sit
519 4001 603 4064 opus.
