<?xml version="1.0" encoding="UTF-8"?>
<!DOCTYPE html PUBLIC "-//W3C//DTD XHTML 1.0 Transitional//EN"
    "http://www.w3.org/TR/xhtml1/DTD/xhtml1-transitional.dtd">
<html xmlns="http://www.w3.org/1999/xhtml" xml:lang="en" lang="en">
 <head>
  <title>
</title>
<meta http-equiv="Content-Type" content="text/html;charset=utf-8" />
  <meta name='ocr-system' content='tesseract 3.04.00' />
  <meta name='ocr-capabilities' content='ocr_page ocr_carea ocr_par ocr_line ocrx_word'/>
</head>
<body>
  <div class='ocr_page' id='page_1' title='image "./adversariacriti04madvgoog_0277.png"; bbox 0 0 3008 4654; ppageno 0'>
   <div class='ocr_carea' id='block_1_1' title="bbox 316 283 939 355">
    <p class='ocr_par' dir='ltr' id='par_1_1' title="bbox 316 283 939 355">
     <span class='ocr_line' id='line_1_1' title="bbox 316 283 939 355; baseline -0.011 -8"><span class='ocrx_word' id='word_1_1' title='bbox 316 283 379 348; x_wconf 79' lang='grc'><strong>270</strong></span> <span class='ocrx_word' id='word_1_2' title='bbox 675 286 737 342; x_wconf 67' lang='lat' dir='ltr'><strong>Inb.</strong></span> <span class='ocrx_word' id='word_1_3' title='bbox 753 285 790 340; x_wconf 84' lang='lat'><strong>11.</strong></span> <span class='ocrx_word' id='word_1_4' title='bbox 810 288 875 355; x_wconf 71' lang='lat' dir='ltr'><strong>Cep.</strong></span> <span class='ocrx_word' id='word_1_5' title='bbox 894 286 939 340; x_wconf 82' lang='lat' dir='ltr'><strong>Vl.</strong></span> 
     </span>
    </p>
   </div>
   <div class='ocr_carea' id='block_1_2' title="bbox 267 481 1349 1084">
    <p class='ocr_par' dir='ltr' id='par_1_2' title="bbox 267 481 1349 1084">
     <span class='ocr_line' id='line_1_2' title="bbox 275 481 1349 569; baseline 0 -23"><span class='ocrx_word' id='word_1_6' title='bbox 275 499 410 546; x_wconf 83' lang='lat' dir='ltr'><strong>cusum</strong></span> <span class='ocrx_word' id='word_1_7' title='bbox 424 481 464 546; x_wconf 92' lang='lat' dir='ltr'><strong>id</strong></span> <span class='ocrx_word' id='word_1_8' title='bbox 478 483 578 564; x_wconf 85' lang='lat' dir='ltr'><strong>quod</strong></span> <span class='ocrx_word' id='word_1_9' title='bbox 593 483 935 569; x_wconf 77' lang='lat' dir='ltr'><strong>cccnpststdsisds</strong></span> <span class='ocrx_word' id='word_1_10' title='bbox 949 484 1349 550; x_wconf 80' lang='lat' dir='ltr'><strong>nobiliteteetmors</strong></span> 
     </span>
     <span class='ocr_line' id='line_1_3' title="bbox 267 585 1341 672; baseline 0.005 -19"><span class='ocrx_word' id='word_1_11' title='bbox 267 595 341 672; x_wconf 87' lang='lat' dir='ltr'><strong>(pro</strong></span> <span class='ocrx_word' id='word_1_12' title='bbox 362 589 574 672; x_wconf 74' lang='lat' dir='ltr'><strong>inopinate</strong></span> <span class='ocrx_word' id='word_1_13' title='bbox 594 599 721 669; x_wconf 86' lang='lat' dir='ltr'><strong>mors).</strong></span> <span class='ocrx_word' id='word_1_14' title='bbox 764 592 848 657; x_wconf 86' lang='lat' dir='ltr'><strong>Hinc</strong></span> <span class='ocrx_word' id='word_1_15' title='bbox 869 591 1017 656; x_wconf 77' lang='lat' dir='ltr'><strong>efficitnrs</strong></span> <span class='ocrx_word' id='word_1_16' title='bbox 1037 593 1108 655; x_wconf 84' lang='lat' dir='ltr'><strong>sut</strong></span> <span class='ocrx_word' id='word_1_17' title='bbox 1127 607 1266 656; x_wconf 79' lang='lat' dir='ltr'><strong>susum</strong></span> <span class='ocrx_word' id='word_1_18' title='bbox 1282 585 1341 658; x_wconf 85' lang='lat' dir='ltr'><strong>id.</strong></span> 
     </span>
     <span class='ocr_line' id='line_1_4' title="bbox 271 694 1343 784; baseline -0.003 -23"><span class='ocrx_word' id='word_1_19' title='bbox 271 697 369 780; x_wconf 89' lang='lat' dir='ltr'><strong>quod</strong></span> <span class='ocrx_word' id='word_1_20' title='bbox 383 697 736 784; x_wconf 66' lang='lat' dir='ltr'><strong>mpuritnstiiiut,</strong></span> <span class='ocrx_word' id='word_1_21' title='bbox 750 701 811 764; x_wconf 78' lang='lat' dir='ltr'><strong>nt</strong></span> <span class='ocrx_word' id='word_1_22' title='bbox 826 715 947 775; x_wconf 80' lang='lat' dir='ltr'><strong>mors,</strong></span> <span class='ocrx_word' id='word_1_23' title='bbox 963 698 997 762; x_wconf 91' lang='lat' dir='ltr'><strong>si</strong></span> <span class='ocrx_word' id='word_1_24' title='bbox 1017 696 1234 768; x_wconf 72' lang='lat' dir='ltr'><strong>acciderit,</strong></span> <span class='ocrx_word' id='word_1_25' title='bbox 1250 694 1343 759; x_wconf 90' lang='lat' dir='ltr'><strong>nnl-</strong></span> 
     </span>
     <span class='ocr_line' id='line_1_5' title="bbox 269 800 1346 887; baseline -0.003 -21"><span class='ocrx_word' id='word_1_26' title='bbox 269 801 349 867; x_wconf 91' lang='lat' dir='ltr'><strong>ium</strong></span> <span class='ocrx_word' id='word_1_27' title='bbox 369 801 602 887; x_wconf 68' lang='lat' dir='ltr'><strong>ignominie</strong></span> <span class='ocrx_word' id='word_1_28' title='bbox 623 805 809 871; x_wconf 90' lang='lat' dir='ltr'><strong>continet</strong></span> <span class='ocrx_word' id='word_1_29' title='bbox 829 822 989 870; x_wconf 87' lang='lat' dir='ltr'><strong>sensum</strong></span> <span class='ocrx_word' id='word_1_30' title='bbox 1010 803 1070 870; x_wconf 83' lang='lat' dir='ltr'><strong>cet</strong></span> <span class='ocrx_word' id='word_1_31' title='bbox 1124 801 1162 866; x_wconf 92' lang='lat' dir='ltr'><strong>In</strong></span> <span class='ocrx_word' id='word_1_32' title='bbox 1181 800 1264 867; x_wconf 88' lang='lat' dir='ltr'><strong>bello</strong></span> <span class='ocrx_word' id='word_1_33' title='bbox 1286 801 1346 865; x_wconf 85' lang='lat' dir='ltr'><strong>sut</strong></span> 
     </span>
     <span class='ocr_line' id='line_1_6' title="bbox 270 907 1343 992; baseline -0.005 -16"><span class='ocrx_word' id='word_1_34' title='bbox 270 913 415 976; x_wconf 87' lang='lat' dir='ltr'><strong>coustum</strong></span> <span class='ocrx_word' id='word_1_35' title='bbox 435 909 528 974; x_wconf 80' lang='lat' dir='ltr'><strong>etism</strong></span> <span class='ocrx_word' id='word_1_36' title='bbox 543 910 646 976; x_wconf 83' lang='lat' dir='ltr'><strong>miuus</strong></span> <span class='ocrx_word' id='word_1_37' title='bbox 661 912 779 978; x_wconf 86' lang='lat' dir='ltr'><strong>iustum</strong></span> <span class='ocrx_word' id='word_1_38' title='bbox 794 911 922 976; x_wconf 79' lang='lat' dir='ltr'><strong>uictoria</strong></span> <span class='ocrx_word' id='word_1_39' title='bbox 936 908 1082 975; x_wconf 82' lang='lat' dir='ltr'><strong>nobilitet</strong></span> <span class='ocrx_word' id='word_1_40' title='bbox 1094 910 1151 974; x_wconf 77' lang='lat' dir='ltr'><strong>sut</strong></span> <span class='ocrx_word' id='word_1_41' title='bbox 1165 907 1343 992; x_wconf 73' lang='lat' dir='ltr'><strong>ignominie</strong></span> 
     </span>
     <span class='ocr_line' id='line_1_7' title="bbox 270 1015 631 1084; baseline 0.006 -2"><span class='ocrx_word' id='word_1_42' title='bbox 270 1033 396 1082; x_wconf 89' lang='lat' dir='ltr'><strong>scusum</strong></span> <span class='ocrx_word' id='word_1_43' title='bbox 417 1035 500 1083; x_wconf 90' lang='lat' dir='ltr'><strong>mors</strong></span> <span class='ocrx_word' id='word_1_44' title='bbox 521 1015 631 1084; x_wconf 82' lang='lat' dir='ltr'><strong>aufert</strong></span> 
     </span>
    </p>
   </div>
   <div class='ocr_carea' id='block_1_3' title="bbox 369 1175 1479 1266">
    <p class='ocr_par' dir='ltr' id='par_1_3' title="bbox 369 1175 1479 1266">
     <span class='ocr_line' id='line_1_8' title="bbox 369 1175 1479 1266; baseline 0.002 -23"><span class='ocrx_word' id='word_1_45' title='bbox 369 1179 438 1244; x_wconf 82' lang='lat' dir='ltr'><strong>Lib.</strong></span> <span class='ocrx_word' id='word_1_46' title='bbox 460 1175 591 1259; x_wconf 71' lang='lat' dir='ltr'><strong>mli,</strong></span> <span class='ocrx_word' id='word_1_47' title='bbox 614 1181 644 1259; x_wconf 83' lang='lat'><strong>6,</strong></span> <span class='ocrx_word' id='word_1_48' title='bbox 665 1183 686 1244; x_wconf 89' lang='grc'><strong>8</strong></span> <span class='ocrx_word' id='word_1_49' title='bbox 708 1183 753 1256; x_wconf 91' lang='lat' dir='ltr'><strong>(in</strong></span> <span class='ocrx_word' id='word_1_50' title='bbox 775 1181 913 1247; x_wconf 76' lang='lat' dir='ltr'><strong>oratione</strong></span> <span class='ocrx_word' id='word_1_51' title='bbox 935 1179 1178 1257; x_wconf 77' lang='lat' dir='ltr'><strong>Vsleutiuinni):</strong></span> <span class='ocrx_word' id='word_1_52' title='bbox 1201 1177 1346 1244; x_wconf 82' lang='lat' dir='ltr'><strong>Grati·</strong></span> <span class='ocrx_word' id='word_1_53' title='bbox 1478 1263 1479 1266; x_wconf 8' lang='grc' dir='ltr'><strong>Ἴ</strong></span> 
     </span>
    </p>
   </div>
   <div class='ocr_carea' id='block_1_4' title="bbox 266 1284 1348 2758">
    <p class='ocr_par' dir='ltr' id='par_1_4' title="bbox 266 1284 1348 2758">
     <span class='ocr_line' id='line_1_9' title="bbox 270 1284 1345 1372; baseline -0.004 -22"><span class='ocrx_word' id='word_1_54' title='bbox 270 1303 383 1350; x_wconf 86' lang='lat' dir='ltr'><strong>enum</strong></span> <span class='ocrx_word' id='word_1_55' title='bbox 529 1287 568 1351; x_wconf 90' lang='lat' dir='ltr'><strong>in</strong></span> <span class='ocrx_word' id='word_1_56' title='bbox 605 1296 818 1372; x_wconf 83' lang='lat' dir='ltr'><strong>angustum</strong></span> <span class='ocrx_word' id='word_1_57' title='bbox 856 1305 1012 1355; x_wconf 86' lang='lat' dir='ltr'><strong>sumere</strong></span> <span class='ocrx_word' id='word_1_58' title='bbox 1054 1284 1345 1352; x_wconf 78' lang='lat' dir='ltr'><strong>commilitium</strong></span> 
     </span>
     <span class='ocr_line' id='line_1_10' title="bbox 269 1392 1341 1474; baseline -0.005 -17"><span class='ocrx_word' id='word_1_59' title='bbox 269 1409 364 1474; x_wconf 81' lang='lat' dir='ltr'><strong>pero</strong></span> <span class='ocrx_word' id='word_1_60' title='bbox 528 1393 697 1460; x_wconf 76' lang='lat' dir='ltr'><strong>familiae</strong></span> <span class='ocrx_word' id='word_1_61' title='bbox 729 1414 806 1461; x_wconf 83' lang='lat' dir='ltr'><strong>snae</strong></span> <span class='ocrx_word' id='word_1_62' title='bbox 839 1393 1033 1460; x_wconf 79' lang='lat' dir='ltr'><strong>laudibus</strong></span> <span class='ocrx_word' id='word_1_63' title='bbox 1065 1392 1341 1473; x_wconf 82' lang='lat' dir='ltr'><strong>maiorumque</strong></span> 
     </span>
     <span class='ocr_line' id='line_1_11' title="bbox 268 1496 1344 1581; baseline -0.002 -19"><span class='ocrx_word' id='word_1_64' title='bbox 268 1497 393 1564; x_wconf 80' lang='lat' dir='ltr'><strong>fectis</strong></span> <span class='ocrx_word' id='word_1_65' title='bbox 428 1501 724 1581; x_wconf 73' lang='lat' dir='ltr'><strong>prestantibus</strong></span> <span class='ocrx_word' id='word_1_66' title='bbox 766 1501 1065 1575; x_wconf 74' lang='lat' dir='ltr'><strong>concinentem,</strong></span> <span class='ocrx_word' id='word_1_67' title='bbox 1101 1496 1344 1580; x_wconf 86' lang='lat' dir='ltr'><strong>potioribus</strong></span> 
     </span>
     <span class='ocr_line' id='line_1_12' title="bbox 268 1602 1339 1690; baseline -0.002 -22"><span class='ocrx_word' id='word_1_68' title='bbox 268 1602 445 1682; x_wconf 72' lang='lat' dir='ltr'><strong>(invidio</strong></span> <span class='ocrx_word' id='word_1_69' title='bbox 484 1609 590 1672; x_wconf 91' lang='lat' dir='ltr'><strong>metu</strong></span> <span class='ocrx_word' id='word_1_70' title='bbox 630 1607 798 1686; x_wconf 88' lang='lat' dir='ltr'><strong>dicitnr)</strong></span> <span class='ocrx_word' id='word_1_71' title='bbox 830 1606 1017 1690; x_wconf 89' lang='lat' dir='ltr'><strong>protinus</strong></span> <span class='ocrx_word' id='word_1_72' title='bbox 1058 1606 1339 1671; x_wconf 88' lang='lat' dir='ltr'><strong>surrecturum</strong></span> 
     </span>
     <span class='ocr_line' id='line_1_13' title="bbox 269 1709 1346 1797; baseline -0.001 -21"><span class='ocrx_word' id='word_1_73' title='bbox 269 1711 327 1776; x_wconf 87' lang='lat' dir='ltr'><strong>cot</strong></span> <span class='ocrx_word' id='word_1_74' title='bbox 371 1710 480 1794; x_wconf 87' lang='lat' dir='ltr'><strong>Neque</strong></span> <span class='ocrx_word' id='word_1_75' title='bbox 511 1731 547 1778; x_wconf 88' lang='lat' dir='ltr'><strong>ex</strong></span> <span class='ocrx_word' id='word_1_76' title='bbox 577 1714 726 1780; x_wconf 71' lang='lat' dir='ltr'><strong>vocabulo</strong></span> <span class='ocrx_word' id='word_1_77' title='bbox 755 1714 990 1797; x_wconf 85' lang='lat' dir='ltr'><strong>potioribus</strong></span> <span class='ocrx_word' id='word_1_78' title='bbox 1018 1729 1119 1795; x_wconf 87' lang='lat' dir='ltr'><strong>neque</strong></span> <span class='ocrx_word' id='word_1_79' title='bbox 1140 1729 1176 1776; x_wconf 88' lang='lat' dir='ltr'><strong>er</strong></span> <span class='ocrx_word' id='word_1_80' title='bbox 1197 1709 1248 1787; x_wconf 86' lang='lat' dir='ltr'><strong>iis,</strong></span> <span class='ocrx_word' id='word_1_81' title='bbox 1269 1727 1346 1792; x_wconf 71' lang='lat' dir='ltr'><strong>pum</strong></span> 
     </span>
     <span class='ocr_line' id='line_1_14' title="bbox 269 1814 1344 1901; baseline -0.003 -18"><span class='ocrx_word' id='word_1_82' title='bbox 269 1816 444 1900; x_wconf 72' lang='lat' dir='ltr'><strong>parenthesi</strong></span> <span class='ocrx_word' id='word_1_83' title='bbox 464 1818 673 1896; x_wconf 78' lang='lat' dir='ltr'><strong>inundantur,</strong></span> <span class='ocrx_word' id='word_1_84' title='bbox 696 1819 852 1886; x_wconf 81' lang='lat' dir='ltr'><strong>sententie</strong></span> <span class='ocrx_word' id='word_1_85' title='bbox 872 1819 938 1884; x_wconf 81' lang='lat' dir='ltr'><strong>uiis</strong></span> <span class='ocrx_word' id='word_1_86' title='bbox 958 1818 1085 1885; x_wconf 82' lang='lat' dir='ltr'><strong>extundi</strong></span> <span class='ocrx_word' id='word_1_87' title='bbox 1113 1817 1225 1901; x_wconf 81' lang='lat' dir='ltr'><strong>potest</strong></span> <span class='ocrx_word' id='word_1_88' title='bbox 1279 1814 1344 1880; x_wconf 89' lang='lat' dir='ltr'><strong>Pro</strong></span> 
     </span>
     <span class='ocr_line' id='line_1_15' title="bbox 269 1922 1343 2010; baseline -0.001 -20"><span class='ocrx_word' id='word_1_89' title='bbox 269 1924 788 2010; x_wconf 81' lang='lat' dir='ltr'><strong>potioribus,qnche1esius</strong></span> <span class='ocrx_word' id='word_1_90' title='bbox 817 1945 834 1990; x_wconf 89' lang='lat' dir='ltr'><strong>e</strong></span> <span class='ocrx_word' id='word_1_91' title='bbox 861 1926 967 1992; x_wconf 88' lang='lat' dir='ltr'><strong>codice</strong></span> <span class='ocrx_word' id='word_1_92' title='bbox 989 1923 1167 1992; x_wconf 84' lang='lat' dir='ltr'><strong>Cclbertino</strong></span> <span class='ocrx_word' id='word_1_93' title='bbox 1196 1922 1343 2004; x_wconf 84' lang='lat' dir='ltr'><strong>sumpsit,</strong></span> 
     </span>
     <span class='ocr_line' id='line_1_16' title="bbox 267 2030 1345 2114; baseline -0.001 -18"><span class='ocrx_word' id='word_1_94' title='bbox 267 2030 1345 2114; x_wconf 77' lang='lat' dir='ltr'><strong>simulsnccreturumscribens‚incodioeVscribitnrpsucibus</strong></span> 
     </span>
     <span class='ocr_line' id='line_1_17' title="bbox 268 2135 1343 2218; baseline -0.001 -17"><span class='ocrx_word' id='word_1_95' title='bbox 268 2135 1343 2218; x_wconf 71' lang='lat' dir='ltr'><strong>Efficiturfecillime:semiliresuaeioudibusmeiorumque</strong></span> 
     </span>
     <span class='ocr_line' id='line_1_18' title="bbox 267 2241 1348 2331; baseline -0.002 -23"><span class='ocrx_word' id='word_1_96' title='bbox 267 2244 392 2309; x_wconf 82' lang='lat' dir='ltr'><strong>fectis</strong></span> <span class='ocrx_word' id='word_1_97' title='bbox 407 2245 701 2327; x_wconf 75' lang='lat' dir='ltr'><strong>prestantibus</strong></span> <span class='ocrx_word' id='word_1_98' title='bbox 719 2248 998 2314; x_wconf 85' lang='lat' dir='ltr'><strong>concinentem</strong></span> <span class='ocrx_word' id='word_1_99' title='bbox 1012 2244 1158 2331; x_wconf 71' lang='lat' dir='ltr'><strong>(parcius</strong></span> <span class='ocrx_word' id='word_1_100' title='bbox 1171 2241 1348 2310; x_wconf 65' lang='lat' dir='ltr'><strong>inuidiae</strong></span> 
     </span>
     <span class='ocr_line' id='line_1_19' title="bbox 268 2348 1344 2435; baseline -0.002 -18"><span class='ocrx_word' id='word_1_101' title='bbox 268 2353 375 2417; x_wconf 89' lang='lat' dir='ltr'><strong>metu</strong></span> <span class='ocrx_word' id='word_1_102' title='bbox 403 2349 587 2431; x_wconf 83' lang='lat' dir='ltr'><strong>dicitnr),</strong></span> <span class='ocrx_word' id='word_1_103' title='bbox 621 2352 808 2435; x_wconf 88' lang='lat' dir='ltr'><strong>protinus</strong></span> <span class='ocrx_word' id='word_1_104' title='bbox 840 2354 1127 2419; x_wconf 88' lang='lat' dir='ltr'><strong>surrecturum.</strong></span> <span class='ocrx_word' id='word_1_105' title='bbox 1164 2348 1344 2416; x_wconf 72' lang='lat' dir='ltr'><strong>Modestius</strong></span> 
     </span>
     <span class='ocr_line' id='line_1_20' title="bbox 266 2456 1340 2539; baseline -0.001 -18"><span class='ocrx_word' id='word_1_106' title='bbox 266 2473 301 2522; x_wconf 86' lang='lat' dir='ltr'><strong>se</strong></span> <span class='ocrx_word' id='word_1_107' title='bbox 332 2456 485 2522; x_wconf 83' lang='lat' dir='ltr'><strong>meierum</strong></span> <span class='ocrx_word' id='word_1_108' title='bbox 517 2457 598 2523; x_wconf 81' lang='lat' dir='ltr'><strong>iectu</strong></span> <span class='ocrx_word' id='word_1_109' title='bbox 630 2459 756 2525; x_wconf 76' lang='lat' dir='ltr'><strong>leudem</strong></span> <span class='ocrx_word' id='word_1_110' title='bbox 788 2460 912 2526; x_wconf 74' lang='lat' dir='ltr'><strong>invidie</strong></span> <span class='ocrx_word' id='word_1_111' title='bbox 940 2463 1027 2525; x_wconf 88' lang='lat' dir='ltr'><strong>metu</strong></span> <span class='ocrx_word' id='word_1_112' title='bbox 1048 2456 1134 2524; x_wconf 87' lang='lat' dir='ltr'><strong>dicit</strong></span> <span class='ocrx_word' id='word_1_113' title='bbox 1178 2457 1246 2534; x_wconf 64' lang='lat' dir='ltr'><strong>(Etr</strong></span> <span class='ocrx_word' id='word_1_114' title='bbox 1268 2475 1340 2539; x_wconf 75' lang='lat' dir='ltr'><strong>ium</strong></span> 
     </span>
     <span class='ocr_line' id='line_1_21' title="bbox 267 2561 1346 2646; baseline -0.004 -16"><span class='ocrx_word' id='word_1_115' title='bbox 267 2564 449 2646; x_wconf 82' lang='lat' dir='ltr'><strong>sequuntur,</strong></span> <span class='ocrx_word' id='word_1_116' title='bbox 471 2581 565 2645; x_wconf 82' lang='lat' dir='ltr'><strong>quem</strong></span> <span class='ocrx_word' id='word_1_117' title='bbox 589 2564 719 2630; x_wconf 87' lang='lat' dir='ltr'><strong>ridicule</strong></span> <span class='ocrx_word' id='word_1_118' title='bbox 741 2566 774 2631; x_wconf 92' lang='lat' dir='ltr'><strong>in</strong></span> <span class='ocrx_word' id='word_1_119' title='bbox 797 2565 1019 2632; x_wconf 86' lang='lat' dir='ltr'><strong>recentissimis</strong></span> <span class='ocrx_word' id='word_1_120' title='bbox 1037 2563 1221 2631; x_wconf 88' lang='lat' dir='ltr'><strong>editionibus</strong></span> <span class='ocrx_word' id='word_1_121' title='bbox 1238 2561 1346 2628; x_wconf 83' lang='lat' dir='ltr'><strong>inter·</strong></span> 
     </span>
     <span class='ocr_line' id='line_1_22' title="bbox 266 2668 970 2758; baseline 0.006 -24"><span class='ocrx_word' id='word_1_122' title='bbox 266 2668 429 2753; x_wconf 80' lang='lat' dir='ltr'><strong>pungendo</strong></span> <span class='ocrx_word' id='word_1_123' title='bbox 450 2669 670 2754; x_wconf 77' lang='lat' dir='ltr'><strong>discerpentur.</strong></span> <span class='ocrx_word' id='word_1_124' title='bbox 693 2671 795 2738; x_wconf 91' lang='lat' dir='ltr'><strong>dicere</strong></span> <span class='ocrx_word' id='word_1_125' title='bbox 815 2671 970 2758; x_wconf 77' lang='lat' dir='ltr'><strong>piget)*)</strong></span> 
     </span>
    </p>
   </div>
   <div class='ocr_carea' id='block_1_5' title="bbox 265 2796 1344 3309">
    <p class='ocr_par' dir='ltr' id='par_1_5' title="bbox 265 2796 1344 3309">
     <span class='ocr_line' id='line_1_23' title="bbox 368 2796 1342 2882; baseline -0.003 -19"><span class='ocrx_word' id='word_1_126' title='bbox 368 2796 446 2863; x_wconf 85' lang='lat' dir='ltr'><strong>lbid.</strong></span> <span class='ocrx_word' id='word_1_127' title='bbox 479 2797 510 2878; x_wconf 86' lang='grc'><strong>7,</strong></span> <span class='ocrx_word' id='word_1_128' title='bbox 543 2800 579 2864; x_wconf 86' lang='lat'><strong>9:</strong></span> <span class='ocrx_word' id='word_1_129' title='bbox 611 2799 737 2865; x_wconf 85' lang='lat' dir='ltr'><strong>Nullo</strong></span> <span class='ocrx_word' id='word_1_130' title='bbox 768 2802 887 2868; x_wconf 82' lang='lat' dir='ltr'><strong>ueset</strong></span> <span class='ocrx_word' id='word_1_131' title='bbox 918 2800 1054 2866; x_wconf 89' lang='lat' dir='ltr'><strong>ucctio</strong></span> <span class='ocrx_word' id='word_1_132' title='bbox 1087 2796 1342 2882; x_wconf 86' lang='lat' dir='ltr'><strong>presitetum</strong></span> 
     </span>
     <span class='ocr_line' id='line_1_24' title="bbox 266 2901 1343 2988; baseline -0.003 -19"><span class='ocrx_word' id='word_1_133' title='bbox 266 2901 369 2988; x_wconf 84' lang='lat' dir='ltr'><strong>epod</strong></span> <span class='ocrx_word' id='word_1_134' title='bbox 398 2921 480 2981; x_wconf 82' lang='lat' dir='ltr'><strong>eos,</strong></span> <span class='ocrx_word' id='word_1_135' title='bbox 510 2906 593 2988; x_wconf 87' lang='lat' dir='ltr'><strong>qui,</strong></span> <span class='ocrx_word' id='word_1_136' title='bbox 618 2906 720 2988; x_wconf 87' lang='lat' dir='ltr'><strong>quod</strong></span> <span class='ocrx_word' id='word_1_137' title='bbox 747 2907 812 2973; x_wconf 94' lang='lat' dir='ltr'><strong>uel</strong></span> <span class='ocrx_word' id='word_1_138' title='bbox 833 2907 956 2974; x_wconf 84' lang='lat' dir='ltr'><strong>insiti</strong></span> <span class='ocrx_word' id='word_1_139' title='bbox 976 2905 1169 2972; x_wconf 82' lang='lat' dir='ltr'><strong>munimus</strong></span> <span class='ocrx_word' id='word_1_140' title='bbox 1190 2903 1343 2986; x_wconf 82' lang='lat' dir='ltr'><strong>putent</strong></span> 
     </span>
     <span class='ocr_line' id='line_1_25' title="bbox 266 3009 1342 3096; baseline 0 -22"><span class='ocrx_word' id='word_1_141' title='bbox 266 3027 354 3076; x_wconf 86' lang='lat' dir='ltr'><strong>esse</strong></span> <span class='ocrx_word' id='word_1_142' title='bbox 376 3011 564 3076; x_wconf 87' lang='lat' dir='ltr'><strong>virtutes.</strong></span> <span class='ocrx_word' id='word_1_143' title='bbox 608 3011 660 3077; x_wconf 87' lang='lat' dir='ltr'><strong>Sic</strong></span> <span class='ocrx_word' id='word_1_144' title='bbox 681 3012 719 3077; x_wconf 86' lang='lat' dir='ltr'><strong>V.</strong></span> <span class='ocrx_word' id='word_1_145' title='bbox 763 3011 870 3096; x_wconf 87' lang='lat' dir='ltr'><strong>Neque</strong></span> <span class='ocrx_word' id='word_1_146' title='bbox 891 3013 1031 3078; x_wconf 90' lang='lat' dir='ltr'><strong>mistio</strong></span> <span class='ocrx_word' id='word_1_147' title='bbox 1053 3029 1153 3096; x_wconf 87' lang='lat' dir='ltr'><strong>neque</strong></span> <span class='ocrx_word' id='word_1_148' title='bbox 1174 3009 1342 3094; x_wconf 82' lang='lat' dir='ltr'><strong>quaestio</strong></span> 
     </span>
     <span class='ocr_line' id='line_1_26' title="bbox 265 3113 1344 3199; baseline -0.001 -18"><span class='ocrx_word' id='word_1_149' title='bbox 265 3116 453 3198; x_wconf 79' lang='lat' dir='ltr'><strong>pravitatum</strong></span> <span class='ocrx_word' id='word_1_150' title='bbox 478 3123 559 3199; x_wconf 80' lang='lat' dir='ltr'><strong>(quse</strong></span> <span class='ocrx_word' id='word_1_151' title='bbox 587 3118 770 3184; x_wconf 86' lang='lat' dir='ltr'><strong>coniecturae</strong></span> <span class='ocrx_word' id='word_1_152' title='bbox 799 3125 873 3187; x_wconf 90' lang='lat' dir='ltr'><strong>suut</strong></span> <span class='ocrx_word' id='word_1_153' title='bbox 898 3119 1021 3186; x_wconf 83' lang='lat' dir='ltr'><strong>Geleuii</strong></span> <span class='ocrx_word' id='word_1_154' title='bbox 1044 3122 1076 3184; x_wconf 92' lang='lat' dir='ltr'><strong>et</strong></span> <span class='ocrx_word' id='word_1_155' title='bbox 1095 3116 1246 3190; x_wconf 80' lang='lat' dir='ltr'><strong>Accursii.</strong></span> <span class='ocrx_word' id='word_1_156' title='bbox 1269 3113 1344 3180; x_wconf 85' lang='lat' dir='ltr'><strong>baec·</strong></span> 
     </span>
     <span class='ocr_line' id='line_1_27' title="bbox 265 3221 1339 3309; baseline -0.003 -21"><span class='ocrx_word' id='word_1_157' title='bbox 265 3221 393 3306; x_wconf 87' lang='lat' dir='ltr'><strong>quidem</strong></span> <span class='ocrx_word' id='word_1_158' title='bbox 415 3223 454 3288; x_wconf 85' lang='lat' dir='ltr'><strong>ub</strong></span> <span class='ocrx_word' id='word_1_159' title='bbox 476 3223 646 3290; x_wconf 86' lang='lat' dir='ltr'><strong>editoribus</strong></span> <span class='ocrx_word' id='word_1_160' title='bbox 667 3227 804 3309; x_wconf 86' lang='lat' dir='ltr'><strong>receptu)</strong></span> <span class='ocrx_word' id='word_1_161' title='bbox 832 3226 887 3291; x_wconf 86' lang='lat' dir='ltr'><strong>cut</strong></span> <span class='ocrx_word' id='word_1_162' title='bbox 913 3244 969 3308; x_wconf 90' lang='lat' dir='ltr'><strong>per</strong></span> <span class='ocrx_word' id='word_1_163' title='bbox 998 3243 1031 3291; x_wconf 90' lang='lat' dir='ltr'><strong>sc</strong></span> <span class='ocrx_word' id='word_1_164' title='bbox 1057 3223 1123 3290; x_wconf 88' lang='lat' dir='ltr'><strong>ulle</strong></span> <span class='ocrx_word' id='word_1_165' title='bbox 1148 3224 1199 3290; x_wconf 87' lang='lat' dir='ltr'><strong>est</strong></span> <span class='ocrx_word' id='word_1_166' title='bbox 1219 3223 1274 3288; x_wconf 83' lang='lat' dir='ltr'><strong>eut</strong></span> <span class='ocrx_word' id='word_1_167' title='bbox 1296 3221 1339 3285; x_wconf 88' lang='lat' dir='ltr'><strong>ud</strong></span> 
     </span>
    </p>
   </div>
   <div class='ocr_carea' id='block_1_6' title="bbox 318 3561 1343 4176">
    <p class='ocr_par' dir='ltr' id='par_1_6' title="bbox 318 3561 1343 4176">
     <span class='ocr_line' id='line_1_28' title="bbox 318 3561 1339 3636; baseline -0.001 -19"><span class='ocrx_word' id='word_1_168' title='bbox 318 3563 345 3631; x_wconf 85' lang='lat'><strong>*)</strong></span> <span class='ocrx_word' id='word_1_169' title='bbox 363 3565 394 3617; x_wconf 92' lang='lat' dir='ltr'><strong>In</strong></span> <span class='ocrx_word' id='word_1_170' title='bbox 412 3564 474 3632; x_wconf 80' lang='lat'><strong>4,5</strong></span> <span class='ocrx_word' id='word_1_171' title='bbox 498 3566 582 3620; x_wconf 87' lang='lat' dir='ltr'><strong>semel</strong></span> <span class='ocrx_word' id='word_1_172' title='bbox 606 3566 702 3622; x_wconf 77' lang='lat' dir='ltr'><strong>saltem</strong></span> <span class='ocrx_word' id='word_1_173' title='bbox 729 3566 865 3636; x_wconf 74' lang='lat' dir='ltr'><strong>indignari</strong></span> <span class='ocrx_word' id='word_1_174' title='bbox 892 3566 975 3620; x_wconf 87' lang='lat' dir='ltr'><strong>iiceet</strong></span> <span class='ocrx_word' id='word_1_175' title='bbox 1001 3565 1094 3634; x_wconf 87' lang='lat' dir='ltr'><strong>sperni</strong></span> <span class='ocrx_word' id='word_1_176' title='bbox 1121 3565 1156 3619; x_wconf 85' lang='lat' dir='ltr'><strong>eh</strong></span> <span class='ocrx_word' id='word_1_177' title='bbox 1184 3561 1339 3618; x_wconf 89' lang='lat' dir='ltr'><strong>editoribus</strong></span> 
     </span>
     <span class='ocr_line' id='line_1_29' title="bbox 365 3655 1337 3728; baseline -0.004 -16"><span class='ocrx_word' id='word_1_178' title='bbox 365 3657 541 3714; x_wconf 81' lang='lat' dir='ltr'><strong>certissimum</strong></span> <span class='ocrx_word' id='word_1_179' title='bbox 565 3659 670 3714; x_wconf 83' lang='lat' dir='ltr'><strong>Gelenii</strong></span> <span class='ocrx_word' id='word_1_180' title='bbox 698 3660 903 3727; x_wconf 84' lang='lat' dir='ltr'><strong>correctionem,</strong></span> <span class='ocrx_word' id='word_1_181' title='bbox 931 3674 1013 3727; x_wconf 83' lang='lat' dir='ltr'><strong>quem</strong></span> <span class='ocrx_word' id='word_1_182' title='bbox 1034 3659 1093 3728; x_wconf 88' lang='lat' dir='ltr'><strong>ipse</strong></span> <span class='ocrx_word' id='word_1_183' title='bbox 1117 3657 1276 3712; x_wconf 78' lang='lat' dir='ltr'><strong>coniectura</strong></span> <span class='ocrx_word' id='word_1_184' title='bbox 1294 3655 1307 3708; x_wconf 83' lang='lat' dir='ltr'><strong>f</strong></span> <span class='ocrx_word' id='word_1_185' title='bbox 1325 3686 1337 3696; x_wconf 92' lang='lat'>·</span> 
     </span>
     <span class='ocr_line' id='line_1_30' title="bbox 365 3749 1336 3808; baseline -0.001 -5"><span class='ocrx_word' id='word_1_186' title='bbox 365 3765 468 3804; x_wconf 84' lang='lat' dir='ltr'><strong>cerem:</strong></span> <span class='ocrx_word' id='word_1_187' title='bbox 506 3753 599 3807; x_wconf 89' lang='lat' dir='ltr'><strong>cuius</strong></span> <span class='ocrx_word' id='word_1_188' title='bbox 632 3753 664 3806; x_wconf 91' lang='lat' dir='ltr'><strong>in</strong></span> <span class='ocrx_word' id='word_1_189' title='bbox 695 3752 884 3808; x_wconf 86' lang='lat' dir='ltr'><strong>summitete</strong></span> <span class='ocrx_word' id='word_1_190' title='bbox 922 3751 1127 3807; x_wconf 78' lang='lat' dir='ltr'><strong>occidentali</strong></span> <span class='ocrx_word' id='word_1_191' title='bbox 1163 3749 1336 3804; x_wconf 90' lang='lat' dir='ltr'><strong>montibus</strong></span> 
     </span>
     <span class='ocr_line' id='line_1_31' title="bbox 363 3843 1335 3912; baseline 0.003 -17"><span class='ocrx_word' id='word_1_192' title='bbox 363 3845 542 3912; x_wconf 84' lang='lat' dir='ltr'><strong>praeruptis</strong></span> <span class='ocrx_word' id='word_1_193' title='bbox 571 3843 718 3899; x_wconf 84' lang='lat' dir='ltr'><strong>densetae</strong></span> <span class='ocrx_word' id='word_1_194' title='bbox 747 3845 891 3911; x_wconf 80' lang='lat' dir='ltr'><strong>(densita</strong></span> <span class='ocrx_word' id='word_1_195' title='bbox 917 3853 953 3900; x_wconf 87' lang='lat' dir='ltr'><strong>et</strong></span> <span class='ocrx_word' id='word_1_196' title='bbox 978 3844 1015 3911; x_wconf 86' lang='lat' dir='ltr'><strong>V)</strong></span> <span class='ocrx_word' id='word_1_197' title='bbox 1035 3845 1213 3899; x_wconf 87' lang='lat' dir='ltr'><strong>Succorum</strong></span> <span class='ocrx_word' id='word_1_198' title='bbox 1236 3849 1335 3912; x_wconf 85' lang='lat' dir='ltr'><strong>pete-</strong></span> 
     </span>
     <span class='ocr_line' id='line_1_32' title="bbox 365 3935 1343 4006; baseline 0 -15"><span class='ocrx_word' id='word_1_199' title='bbox 365 3941 462 3991; x_wconf 89' lang='lat' dir='ltr'><strong>scunt</strong></span> <span class='ocrx_word' id='word_1_200' title='bbox 480 3935 650 4004; x_wconf 83' lang='lat' dir='ltr'><strong>angustiae.</strong></span> <span class='ocrx_word' id='word_1_201' title='bbox 681 3938 823 4006; x_wconf 82' lang='lat' dir='ltr'><strong>Angustiae</strong></span> <span class='ocrx_word' id='word_1_202' title='bbox 847 3938 999 3994; x_wconf 84' lang='lat' dir='ltr'><strong>densentur</strong></span> <span class='ocrx_word' id='word_1_203' title='bbox 1016 3937 1153 3992; x_wconf 87' lang='lat' dir='ltr'><strong>montibus</strong></span> <span class='ocrx_word' id='word_1_204' title='bbox 1166 3936 1343 4005; x_wconf 69' lang='lat' dir='ltr'><strong>&#39;praemptis‚*</strong></span> 
     </span>
     <span class='ocr_line' id='line_1_33' title="bbox 363 4029 1340 4098; baseline 0 -16"><span class='ocrx_word' id='word_1_205' title='bbox 363 4032 468 4084; x_wconf 88' lang='lat' dir='ltr'><strong>montes</strong></span> <span class='ocrx_word' id='word_1_206' title='bbox 491 4030 623 4098; x_wconf 86' lang='lat' dir='ltr'><strong>praerupti</strong></span> <span class='ocrx_word' id='word_1_207' title='bbox 648 4029 818 4086; x_wconf 80' lang='lat' dir='ltr'><strong>densitate</strong></span> <span class='ocrx_word' id='word_1_208' title='bbox 837 4031 887 4092; x_wconf 87' lang='lat' dir='ltr'><strong>(sic</strong></span> <span class='ocrx_word' id='word_1_209' title='bbox 905 4033 977 4086; x_wconf 90' lang='lat' dir='ltr'><strong>enim</strong></span> <span class='ocrx_word' id='word_1_210' title='bbox 995 4032 1094 4098; x_wconf 90' lang='lat' dir='ltr'><strong>editur)</strong></span> <span class='ocrx_word' id='word_1_211' title='bbox 1116 4029 1186 4084; x_wconf 84' lang='lat' dir='ltr'><strong>mira</strong></span> <span class='ocrx_word' id='word_1_212' title='bbox 1208 4033 1340 4084; x_wconf 71' lang='lat' dir='ltr'><strong>monstro</strong></span> 
     </span>
     <span class='ocr_line' id='line_1_34' title="bbox 364 4128 433 4176; baseline -0.029 0"><span class='ocrx_word' id='word_1_213' title='bbox 364 4128 433 4176; x_wconf 86' lang='lat' dir='ltr'><strong>suut.</strong></span> 
     </span>
    </p>
   </div>
   <div class='ocr_carea' id='block_1_7' title="bbox 0 0 1508 4654">
    <p class='ocr_par' dir='ltr' id='par_1_7' title="bbox 0 0 1508 4654">
     <span class='ocr_line' id='line_1_35' title="bbox 0 0 1508 4654; baseline 0 2"><span class='ocrx_word' id='word_1_214' title='bbox 0 0 1508 4654; x_wconf 95' lang='lat' dir='ltr'><strong> </strong></span> 
     </span>
    </p>
   </div>
  </div>
 </body>
</html>
