3008 4650
472 293 533 350 Lib.
551 293 573 350 1.
593 293 657 362 Cep.
677 292 709 348 V.
745 292 932 352 Miscellanee.
1159 295 1197 354 ’λλ

627 537 714 656 Gan.
733 557 774 640 V.

616 725 802 782 Miscellenee.

273 880 351 945 Cum
372 880 518 962 proximis
539 879 625 944 annis
646 880 679 944 in
702 899 792 962 opere
821 881 859 947 de
880 881 925 947 rei
943 881 1074 964 publieae
1093 881 1241 947 Romanae

172 986 326 1053 institutis
352 985 566 1069 perscribendo
596 983 782 1060 Graecorum,
816 987 868 1068 qui
900 987 938 1052 de
971 988 1062 1053 rebus
1094 989 1240 1054 Romanis

173 1092 369 1174 seripserunt,
404 1091 501 1157 libros
536 1092 684 1173 perpetuo
718 1092 893 1169 tractarem,
930 1093 1068 1166 subnatae
1106 1099 1179 1160 eunt
1210 1095 1241 1160 in

173 1200 322 1284 Appiano.
355 1197 465 1275 Dione,
497 1192 671 1264 Herodiano
704 1202 814 1281 praeter
848 1217 909 1275 ees,
943 1218 1018 1283 quae
1044 1199 1076 1265 in
1098 1200 1165 1284 ipso
1187 1201 1242 1267 illo

174 1323 265 1388 opere
286 1303 383 1386 posui,
406 1301 639 1369 emendationes
660 1301 788 1382 aliquot,
811 1323 888 1387 quae
911 1305 969 1371 hoe
991 1306 1058 1372 Ιοοο
1073 1325 1132 1372 non
1149 1305 1242 1371 omit·

173 1412 281 1478 tendes
302 1409 444 1475 indicavi.

272 1591 414 1680 Appiani
435 1591 499 1658 div.
521 1592 546 1672 Ι,
570 1593 610 1656 50
633 1592 683 1670 (de
705 1594 811 1672 servis,
828 1596 882 1677 qui
903 1614 922 1660 a
944 1597 1088 1679 Pompeio
1110 1599 1183 1663 vieti
1207 1617 1243 1663 ex

173 1701 256 1768 caede
271 1700 472 1785 effugerunt:
490 1699 543 1764 καλ
560 1699 626 1764 τάν
643 1698 772 1764 λοιπῶν
789 1705 821 1774 ἐς
836 1695 878 1766 τά
893 1703 1035 1787 σφέτερα
1053 1697 1094 1770 δι’
1110 1697 1244 1788 άπόρον

174 1803 281 1896 χώρας
303 1808 357 1874 καὶ
379 1806 546 1893 χειμῶνος
577 1801 748 1874 ἐπιπόνου
775 1800 1019 1894 διατρεχόντων
1047 1815 1078 1878 οἱ
1108 1806 1245 1897 ἡμίσεις

172 1914 502 2004 βαλανηφαγοῦντες
533 1905 785 1999 διεφθάρησαν.
855 1912 937 1994 Quid
980 1914 1075 1998 igitur
1118 1913 1244 1979 dimidia

173 2022 262 2105 pente
284 2021 399 2086 sactum
424 2021 492 2085 eet?
536 2019 576 2084 dt
599 2039 653 2085 eun
677 2019 839 2103 glandibus
861 2021 1012 2086 vescendo
1034 2021 1240 2087 interierunt?

175 2128 248 2194 Sine
276 2126 367 2192 dubio
400 2124 512 2190 excidit
545 2125 671 2209 aliquid,
704 2145 773 2192 euin
806 2128 852 2193 sie
883 2127 1032 2211 seriptum
1060 2127 1184 2193 suisset:
1207 2131 1239 2193 οἱ

175 2229 308 2322 ἡμίσεις
329 2233 658 2321 βαλανηφαγοῦντες
673 2228 1014 2321 <διεσάθησαν,
1037 2238 1076 2300 οἱ
1099 2225 1128 2300 δ’
1150 2227 1171 2319 η’
1179 2259 1206 2318 μ
1216 2233 1244 2300 ι’·

178 2344 309 2426 σεις>
332 2334 582 2427 διεφθάρησαν.
1216 2332 1220 2338 ’

277 2484 318 2561 ΙΙ,
339 2484 396 2548 49:
419 2484 596 2568 Πομπηΐῳ
620 2482 655 2548 δὲ
670 2483 760 2566 (τέλη
775 2472 830 2566 ἦν)
846 2487 947 2548 πέντε
962 2485 1028 2566 μὲν
1043 2487 1077 2558 ἐξ
1099 2474 1248 2552 Ἰταλίας
1278 2513 1285 2517 -

179 2637 186 2653 .
214 2636 221 2652 .
245 2640 252 2653 .
277 2637 298 2665 .,
322 2594 357 2654 ἐκ
378 2590 411 2656 δὲ
428 2588 646 2674 Παρθυαίων
668 2583 742 2664 δύο,
765 2588 833 2654 τών
856 2583 920 2655 σάν
934 2583 1081 2677 Κράσσῳ
1097 2589 1247 2654 πεπολε-

176 2690 338 2780 μηκότων
352 2690 394 2761 τά
410 2690 597 2772 ὑπόλοιπα,
614 2694 670 2771 καί
681 2721 712 2760 τι
724 2699 827 2778 μέρος
839 2691 921 2762 όλλο
934 2695 1002 2760 τῶν
1014 2699 1048 2769 ἐς
1063 2697 1247 2781 Αἴγυπτον

178 2801 392 2888 ἐσβαλόντων
413 2795 501 2889 μετά
525 2801 708 2889 Γαβινίαν,
732 2795 916 2886 σύμπαντα
946 2794 1082 2886 άνδρῶν
1106 2793 1247 2869 Ἰταλῶν

178 2909 296 2975 ε”νδεκα
319 2912 398 2995 τέλη
420 2935 449 2976 ιι.
472 2936 500 2976 τ.
524 2911 571 2994 λ.
608 2910 651 2975 Et
680 2927 844 2991 pronomen
868 2909 901 2975 τί
923 2928 1014 2993 prave
1035 2907 1101 2974 loeo
1124 2908 1194 2991 poni
1217 2911 1248 2974 et

180 3015 348 3082 desiderari
370 3037 534 3083 nnmerum
556 3017 755 3082 menifestum
778 3017 841 3093 est3
865 3035 900 3082 ex
914 3017 947 3082 τί
969 3015 1101 3080 efficitur
1122 3015 1149 3079 is
1170 3013 1247 3096 ipse,
1274 3103 1275 3106 Ἴ

179 3141 270 3205 quem
303 3123 413 3207 reliqui
441 3123 562 3189 numeni
591 3125 782 3188 monstrent:
817 3125 870 3190 καὶ
904 3129 1113 3206 τέσσαρα,
1145 3123 1249 3206 μέρος

179 3226 261 3296 άλλο
286 3231 355 3296 τῶν
377 3236 411 3304 ἐς
425 3233 608 3318 Αἴγυπτον
630 3221 856 3314 ἐσβαλόντων,
872 3231 932 3296 nisi
950 3228 1110 3313 Appianus
1125 3227 1266 3311 scripsit*-

179 3337 234 3402 καλ
267 3340 451 3421 τέσσαρα
485 3332 589 3403 άλλα
620 3337 688 3404 τῶν
720 3362 748 3405 ιι.
782 3361 812 3401 τ.
848 3337 878 3402 λ.
934 3331 1103 3415 (Excidisse
1130 3333 1248 3416 aliquid

179 3441 468 3526 Schweighduserns
489 3448 663 3526 suspicatus
686 3444 773 3518 erat.)

279 3582 337 3660 ΙΙΙ,
362 3582 403 3645 60
424 3584 468 3660 (in
490 3585 627 3650 oratione
648 3584 797 3658 Pisonistt
832 3569 879 3646 ιόν
908 3573 990 3654 τσάς
1015 3581 1081 3661 μὲν
1102 3568 1143 3644 εὖ
1161 3581 1248 3663 βον-

179 3689 384 3772 λενομὲνονς
405 3691 640 3774 ἐνθυμεῖσθαι
663 3684 726 3776 χρή
748 3682 834 3772 άπὲρ
856 3687 925 3754 των
940 3692 988 3753 ἔτι
1004 3687 1248 3771 πλανωμένων,
1279 3731 1282 3738 ,

133 3858 141 3874 ,
179 3787 263 3867 τοάς
285 3786 315 3860 δ’
335 3787 490 3870 άπάτσσς
522 3798 576 3863 καλ
611 3791 805 3882 δημάρχους
829 3794 992 3866 πλείονας
1014 3785 1246 3858 ιιινδσνεάοσσι

179 3913 251 3974 τοῖς
280 3912 406 3975 κοινοῖς
433 3902 605 3989 γενέσθαι.
661 3901 720 3983 Qui
749 3900 859 3968 Latine
892 3901 1055 3971 πλείονας
1086 3899 1247 3984 γενέσθαι

180 4007 341 4073 verterunt
373 4007 521 4074 maionem
556 4027 660 4075 euram
694 4008 881 4090 impendere,
915 4007 1075 4073 sententie
1107 4007 1248 4072 umbram

178 4114 277 4179 secuti
301 4117 381 4193 sunt,
405 4133 464 4179 non
488 4115 585 4180 Graeei
607 4113 757 4180 sermonis
789 4133 888 4179 usum.
944 4110 1103 4177 Sententia
1132 4114 1249 4177 acutior
