2974 4660
291 275 330 338 56
658 273 720 330 nro.
739 273 760 330 n
781 273 846 342 cap.
864 271 911 326 ιν.

249 476 357 538 contra
392 473 457 536 iure
493 473 651 538 Philoxeni
689 469 902 536 testimonium
946 469 1073 552 ponenti
1108 467 1141 532 in
1178 471 1319 533 mentem

249 578 401 657 veniebat,
431 577 568 644 dubitari
596 596 694 660 posse,
724 582 829 642 utrum
850 576 937 651 liber,
962 595 998 642 ex
1020 594 1080 659 quc
1102 573 1321 640 testimonium

248 686 421 768 poneretur,
454 685 522 750 noti
553 684 640 748 illius
673 682 809 766 Cytherii
843 684 926 747 esset
947 701 986 746 an
1009 681 1136 746 alterius
1158 680 1318 746 cniusdam

251 791 417 869 Philoxeni,
444 791 588 874 qnoniam
610 790 702 854 huius
725 807 846 871 quoque
870 789 1005 853 exstaret
1027 789 1174 852 memoria
1195 806 1316 852 conser-

248 898 320 962 vata
342 898 435 962 etiam
457 899 488 962 in
511 897 652 962 Platonis
673 893 786 965 sabula.
814 894 909 976 atque
937 895 974 958 de
996 912 1033 958 ea
1055 913 1086 957 re
1110 894 1241 960 lectores
1263 895 1319 959 ad-

249 1003 393 1067 monendi
415 1004 533 1070 occasio
556 1005 633 1068 erat.
685 1001 858 1082 scripserat
881 999 1062 1064 Athenaeus:
1087 995 1266 1076 Φιλόξενος
1290 995 1325 1067 d*

248 1104 266 1172 ὁ
289 1104 472 1194 Κυθήριος
494 1115 531 1175 ἐν
552 1109 597 1195 τῷ
621 1112 882 1192 ἐπιγραφομένῳ
902 1109 1051 1193 Δείπνῳ,
1075 1111 1171 1192 εἴπερ
1193 1103 1325 1174 τούτου

250 1216 303 1280 καὶ
326 1210 376 1299 μη“
400 1217 462 1281 τοῦ
477 1215 674 1284 Λευκαδίου
690 1216 881 1290 Φιλοξένου,
897 1201 938 1279 ού
954 1215 1007 1278 καί
1026 1206 1046 1279 o‘
1062 1212 1318 1298 κωμῳδιοποιός

249 1316 399 1388 Πλάτων
427 1328 470 1390 ’ἐν
506 1323 550 1409 τῷ
589 1313 700 1387 Φύοινι
739 1315 913 1405 ἐμνήσθη,
949 1313 1114 1404 τοιαύτην
1144 1325 1317 1388 ἐκτίθεται

249 1424 469 1514 παρασκευήν
504 1430 656 1495 δείπνου.
717 1429 783 1492 lam
816 1427 920 1493 omnia
952 1430 1038 1493 recta
1068 1430 1141 1492 sunt
1173 1429 1205 1494 et
1237 1434 1318 1514 apta.

249 1536 379 1602 Librarii
408 1535 516 1601 oculus
546 1554 563 1599 a
590 1535 691 1616 priore
721 1533 777 1598 καί
799 1535 867 1616 (καί
889 1527 956 1618 μή)
978 1535 1017 1598 ad
1039 1535 1169 1600 alterurn
1193 1539 1262 1613 (noi
1286 1529 1319 1616 ὁ)

248 1644 416 1717 aberravit;
440 1643 544 1725 itaque
561 1641 653 1706 verba
667 1639 829 1706 interiecta
842 1640 1057 1723 praetermisit;
1081 1641 1189 1706 deinde
1205 1644 1325 1710 omisso

249 1737 290 1815 οὗ
311 1751 413 1815 cetera
435 1747 629 1814 incommodo
651 1747 718 1812 loco
740 1745 894 1828 supplevit
916 1747 972 1811 aut
992 1749 1094 1829 potius
1116 1750 1146 1811 in
1170 1751 1316 1834 margine,

249 1855 328 1920 unde
349 1857 380 1919 in
404 1874 484 1934 eum,
507 1873 600 1937 quem
622 1872 702 1918 nunc
723 1855 839 1926 tenent,
862 1851 964 1917 locum
987 1852 1187 1934 irrepserunt.

349 2008 385 2071 P.
399 2008 458 2069 175
470 2007 491 2072 f.
523 2007 683 2071 Ponuntur
692 2004 850 2086 Sophoclis
862 2024 969 2070 versus
982 2023 1017 2070 ex
1033 2005 1187 2090 Thamyra
1205 2009 1325 2085 fabula,

250 2115 361 2197 quibus
383 2113 488 2194 aperte
510 2111 692 2176 describitur
714 2111 805 2176 laetus
826 2111 858 2175 in
879 2111 1019 2178 convivio
1040 2111 1317 2182 instmmentomm

248 2222 437 2286 musicorum
460 2218 607 2301 strepitus
629 2219 661 2282 et
682 2237 792 2283 vocum
814 2235 1050 2301 sermonumque
1066 2237 1158 2284 sonus
1176 2221 1319 2288 sublatus

250 2329 282 2394 et
313 2327 345 2391 in
379 2323 564 2391 contrarium
596 2326 750 2398 mutatum
784 2325 838 2388 sed
872 2327 1057 2391 sententiam
1090 2327 1255 2393 obscurant
1287 2332 1326 2392 et.

250 2435 392 2499 evertunt
413 2432 506 2496 verba
529 2430 573 2495 sio
595 2429 721 2512 scripta:

403 2573 531 2658 Οἴχιοκο
553 2566 618 2658 γοίρ
641 2566 787 2656 κροτητοί
810 2572 985 2656 πηκτίδων
1006 2576 1105 2659 μέλη,

401 2673 484 2763 λύρα
506 2673 694 2763 μοναύλοις
715 2706 752 2744 τε
773 2701 983 2766 χειμωντεως

345 2841 354 2854 .
401 2810 481 2859 ναος
505 2809 652 2870 οτιρημα
677 2810 891 2872 κωμασαοης.

352 2927 483 2992 Secundi
498 2945 604 2992 versus
623 2927 879 3005 emendationem,
902 2945 994 3008 quam
1018 2927 1141 2991 facilem
1164 2928 1196 2991 et
1217 2928 1325 2993 mani—

196 3107 199 3114 *
251 3035 362 3097 festam
392 3031 515 3097 subiicit
548 3035 702 3097 seruatum
738 3032 879 3097 omnibus
911 3033 1027 3112 litteris
1060 3033 1256 3115 aptissimum
1279 3036 1319 3100 ad

251 3137 437 3203 sententiam
466 3138 644 3203 adverbium
666 3143 754 3213 τέως,
784 3137 873 3203 video
910 3156 928 3202 a
957 3136 1094 3203 Nauekic
1123 3144 1318 3223 praeceptam.

251 3243 348 3308 Tertii
370 3262 476 3308 versus
499 3244 680 3310 emendandi
703 3245 786 3309 viam
816 3263 876 3308 non
903 3244 1005 3309 mione
1027 3249 1142 3310 certam
1165 3249 1328 3313 monstrat>

251 3349 447 3432 participium
475 3344 687 3435 ιωμαοιίοης,
716 3349 796 3434 quod
826 3369 896 3416 oum
925 3351 1079 3416 sententia
1107 3353 1324 3435 comparatum

250 3458 334 3522 recta
355 3455 395 3520 ad
415 3454 447 3519 id
470 3474 592 3535 nomen,
615 3457 696 3538 quod
718 3459 776 3522 sub
797 3457 912 3522 litteris
935 3483 1016 3531 ναος
1037 3458 1124 3523 latet.
1145 3458 1323 3540 quarentes

251 3560 385 3636 deducit,
420 3561 531 3628 deinde
564 3563 602 3628 ad
634 3562 763 3645 reliqua.
818 3563 915 3628 Totus
943 3565 1026 3628 enim
1055 3565 1140 3628 loeus
1167 3563 1212 3628 sic
1241 3562 1325 3630 sori-

257 3668 375 3733 bendus
398 3670 460 3733 est:

406 3797 535 3884 Οίχοικτ
556 3794 622 3884 μύρ
646 3794 791 3884 κροτητοί
816 3798 989 3882 πηκτίδων
1009 3800 1096 3882 μίλη

401 3897 484 3988 λύρα
506 3899 675 3990 μόναυλοι
698 3896 748 3979 θ’,
773 3900 823 3977 οἷς
846 3905 1024 3990 ἐχαίρομεν
1046 3909 1139 3980 τιάς,

403 4003 551 4083 δαιτός
572 4037 616 4076 τε
642 4012 757 4095 ῥῆμα
781 4006 995 4096 κωμαοοίοης.
