3012 4652
320 241 380 305 m
685 239 941 312 mmmm

278 437 447 506 discessum
476 439 579 505 odium
607 439 714 507 Cicero
743 439 829 520 dicit,
863 440 945 523 qnod
974 440 1098 506 omniuo
1125 443 1219 524 negat
1243 438 1343 504 nilum
1391 498 1394 503 .

276 544 371 610 fnisse
393 545 453 611 nisi
474 544 580 613 clodii
592 547 719 614 'artibus
740 548 821 631 apud
843 547 981 630 perditos
1002 545 1144 612 homines
1168 545 1343 619 excitatum,

278 650 332 716 sed
353 650 501 718 bonorum
515 653 637 720 civium
657 653 737 720 iram
760 656 792 720 et
813 655 919 719 odium
940 653 973 718 in
993 672 1056 730 cos,
1078 668 1155 736 quos
1169 649 1342 717 Ciceronem

278 775 385 842 pamm
407 757 522 826 iuvisse
544 778 580 826 ao
602 761 774 827 defendisse
795 759 949 844 putarent.
1231 755 1234 762 '

377 886 456 954 Ibid.
480 889 537 953 48:
569 893 608 956 in
642 889 788 974 quibus
819 889 983 975 legibus
1014 888 1151 954 inerat
1186 887 1342 953 curiata

277 990 354 1056 illa
375 991 452 1067 lex,
475 997 701 1079 quatotum
718 997 1072 1063 eiustribuuatnm
1090 994 1341 1067 continebat,

279 1117 391 1182 quom
412 1118 537 1167 caecus
559 1105 736 1168 amentia
759 1123 830 1168 uon
846 1103 1021 1169 videbat.
1044 1099 1341 1185 Nonlegomipsam

278 1205 382 1272 Cicero
403 1212 496 1292 negot
518 1207 660 1275 Clodium
683 1207 808 1287 vidisse,
836 1207 917 1293 quod
947 1209 1071 1273 omnino
1093 1207 1199 1289 inepte
1222 1206 1341 1283 dicitnr,

278 1309 332 1378 sed
361 1331 476 1378 caecnm
505 1315 642 1382 amentia
663 1333 722 1380 non
752 1314 1008 1382 animadvertisse
1030 1313 1116 1394 dicit,
1138 1331 1206 1378 eam
1231 1312 1341 1397 legem,

278 1437 345 1502 qoae
367 1417 406 1486 de
427 1437 461 1486 se
482 1421 546 1486 lata
573 1423 665 1500 esset,
696 1421 884 1487 Iulianarum
906 1439 1032 1486 numero
1055 1419 1217 1486 contineri.
1262 1418 1342 1486 Scri*

278 1525 411 1592 bendum
443 1527 554 1611 igitur:
587 1527 685 1614 quod*
704 1547 829 1594 caecus
858 1528 1037 1594 nmeutia
1064 1525 1139 1591 no'n
1165 1523 1341 1592 videbat.

277 1631 449 1700 Pronomen
470 1653 572 1702 errore
595 1635 861 1702 accommodatum
883 1635 931 1700 est
953 1634 990 1698 ad
1013 1630 1153 1715 superios
1176 1631 1308 1716 quae.*J
1329 1665 1336 1688 .-

376 1757 523 1824 ibides:
546 1761 663 1824 terroe
685 1761 816 1824 motus
838 1739 1055 1850 horribilis
1076 1777 1159 1823 cum
1184 1736 1343 1841 quibus·

278 1864 362 1930 dom
387 1863 527 1931 multis
556 1864 866 1958 metuendisque
895 1866 1022 1931 rebus.
1072 1863 1255 1929 Mondosum
1277 1879 1343 1928 esse

276 1969 515 2052 quibusdam
547 1970 705 2048 multis,
735 1971 814 2038 nihil
835 1991 911 2064 opus
942 1973 990 2038 est
1017 1970 1237 2047 demonstrari;
1264 1969 1342 2034 illud
1475 1987 1476 2044 j

275 2075 370 2143 miror
391 2096 451 2143 non
473 2077 731 2157 animadversum,
754 2079 890 2162 ineptam
913 2098 980 2144 esse
1005 2079 1037 2144 in
1060 2077 1116 2142 tali
1145 2096 1177 2143 re
1203 2079 1343 2143 metuen·
1475 2137 1476 2140 ,

276 2183 385 2248 domm
417 2203 546 2249 rorum
581 2184 786 2261 montionem3
820 2177 873 2250 sed
903 2186 1004 2251 totum
1025 2183 1104 2250 illud
1125 2184 1243 2249 robus
1264 2183 1341 2248 inP
1475 2219 1476 2282 r

277 2288 425 2371 scriptum
448 2309 540 2372 supra
562 2310 683 2357 versum
706 2293 763 2370 est,
787 2293 867 2357 undo
889 2291 921 2382 in
943 2295 1059 2358 cetoros
1074 2291 1192 2357 codices
1206 2289 1339 2355 transiit.
1475 2335 1476 2356 .

280 2399 312 2462 in
329 2396 378 2476 iis,
395 2417 462 2482 quae
477 2399 611 2465 restant:
635 2418 720 2465 oum
742 2397 981 2482 quibusdam
1004 2397 1147 2464 multis
1167 2399 1340 2462 metucn-
1475 2389 1476 2400 ’

276 2501 434 2586 disque.
455 2503 551 2571 latere
572 2505 713 2572 videntur
734 2506 817 2571 haeo:
845 2523 928 2570 com
951 2504 1191 2588 quibusdam
1214 2504 1342 2585 <mon

275 2609 397 2692 stris>
418 2611 515 2678 mutis
545 2613 861 2697 metuendisque.
917 2612 966 2677 Ad
987 2609 1090 2694 ipsum
1112 2601 1202 2676 terrae
1224 2611 1342 2676 motum

241 2809 248 2818 Ι
278 2721 456 2797 accesserat,
479 2719 514 2783 nt
535 2717 634 2785 oeulis
656 2719 861 2814 obiicerentur
888 2720 974 2784 mirae
1003 2721 1035 2784 et
1063 2718 1219 2784 inusitatae
1240 2735 1342 2784 rerum

276 2821 383 2888 formae
404 2823 471 2906 ipso
493 2823 616 2891 silentio
639 2826 801 2894 terribiles.
846 2826 1002 2892 discidisse
1026 2824 1254 2890 substantivum
1277 2833 1342 2891 cer*
1475 2875 1476 2914 r

275 2930 343 2996 tum
365 2930 421 2996 est.
1006 2930 1008 2948 ²
1164 2937 1165 2942 ’
1282 2933 1293 2948 '·

377 3119 440 3186 Pro
472 3120 575 3188 Sestio
610 3121 686 3187 1311:
726 3141 890 3207 cumque
922 3123 1075 3190 itincre
1106 3122 1194 3188 toto
1225 3123 1343 3187 urbes

277 3224 412 3291 Italiae
434 3226 564 3294 festos
586 3229 672 3295 dies
693 3249 811 3315 agero
834 3231 1032 3296 adventus
1054 3228 1131 3293 mei
1151 3227 1343 3294 videbun*

277 3337 358 3411 tur,
386 3332 459 3400 viae
488 3334 759 3402 multitudine
787 3336 1015 3421 legatorum
1042 3333 1216 3418 undiquc
1249 3333 1342 3398 mis·

278 3455 407 3503 sorum
430 3438 746 3509 celebrabantur
766 3447 824 3511 oet.
876 3442 954 3507 Vere
981 3445 1124 3524 reeteque
1154 3439 1226 3506 olim
1248 3457 1342 3524 nega·

277 3560 382 3609 veram
403 3545 469 3611 haec
491 3565 560 3613 cum
582 3550 790 3633 superioribus
818 3567 880 3614 uua
907 3548 1060 3615 sententia
1088 3546 1232 3631 coniungi
1253 3565 1342 3630 posse

278 3668 337 3718 uon
360 3649 458 3718 solum
479 3659 603 3739 proptor
630 3658 790 3723 verborum
818 3654 944 3721 modum
974 3655 1127 3720 mutatum
1151 3660 1250 3730 (cum
1273 3700 1280 3717 .
1304 3699 1342 3716 ..

331 3897 359 3966 *)
379 3901 394 3962 t
413 3897 448 3954 54
466 3898 625 3954 sinedubio
645 3896 818 3953 scribendum
837 3902 889 3951 est:
909 3902 966 3951 aut
983 3897 1161 3951 universus
1178 3879 1342 3950 interitus

378 3997 436 4047 aut
462 3992 605 4048 victoris
632 3989 822 4047 dominatus
849 4001 883 4044 no
910 3989 971 4059 (pro
1000 3992 1067 4056 snt)
1095 4004 1239 4058 regnum.
1280 3985 1343 4043 Nou

378 4086 431 4140 trie
450 4084 649 4156 disiunguntur,
667 4084 716 4141 sed
734 4083 796 4138 duo.
1083 4093 1085 4098 ’
1161 4094 1166 4098 ·
1184 4101 1186 4105 ·
