3008 4654
531 298 690 354 Ammianus
709 297 893 356 Marcellinus.
1030 365 1032 368 ,
1143 299 1202 362 ab?

174 513 288 561 sensus
310 495 419 580 vigiles
453 497 486 560 et
517 495 638 560 aurium
672 495 879 564 delenimenta
909 498 1077 580 captantes,
1107 495 1166 563 hoc
1186 499 1245 577 est,

174 601 350 668 sententias
371 601 525 668 animatas
547 603 580 667 et
601 603 690 683 aptas
711 601 751 668 ad
773 619 861 669 aures
883 602 1088 670 deleuieudas.

280 720 358 785 lbid.
382 720 411 798 6,
436 720 493 784 le:
527 720 767 785 amandatis
788 720 929 804 procul
950 720 1162 789 Graiorum
1184 721 1245 787 le·-

179 825 305 910 gatis‚
337 825 514 892 forsitan
549 827 587 891 ot
619 826 814 892 necandis
846 845 912 891 rer
943 826 1148 911 longevus
1169 846 1245 894 non

174 932 398 998 contentus
425 930 694 1014 Hellesponto
724 978 732 994 .
756 979 763 994 .
787 979 794 995 .
818 978 825 995 .
850 934 986 999 Asiam
1008 952 1093 999 cum
1117 952 1246 1000 numo·

178 1037 284 1103 rosis
306 1037 470 1120 populis
491 1055 734 1121 pervasurus
756 1039 947 1106 adveniet
967 1044 1026 1106 cet.
1056 1040 1129 1106 Sina
1153 1039 1245 1106 dnbio

176 1145 328 1226 scriptum
343 1145 460 1210 iueratr
478 1144 718 1210 emendatis
741 1191 832 1224 ....‚
855 1145 1031 1212 forsitan
1054 1150 1092 1210 et
1110 1145 1244 1213 ematis

279 1250 461 1335 Ieiunas:
482 1250 600 1329 Quem
616 1250 729 1316 iuxta
744 1252 866 1318 laevus
881 1251 1244 1318 incedebaserum-

179 1359 296 1424 batos
333 1355 613 1422 Chionitarum
657 1375 723 1423 rex
765 1357 882 1424 nobie
923 1347 1085 1441 quidem
1127 1359 1246 1424 aetate

178 1463 311 1530 media
332 1462 577 1548 rugosisque
598 1463 802 1537 membris,
836 1464 904 1530 sed
924 1468 1056 1530 mente
1076 1464 1243 1546 quadam

176 1569 415 1654 grandifica
449 1568 675 1652 multisque
712 1570 978 1636 victoriarum
1011 1571 1246 1654 insignibus

181 1676 336 1743 nobilis
360 1675 420 1740 cet.
464 1675 517 1742 Sic
537 1675 657 1742 codices
679 1675 741 1741 fide
762 1675 848 1762 digni
867 1692 887 1740 a
908 1675 1137 1758 primumcum
1173 1695 1244 1742 nam

176 1782 357 1868 corrigendo
380 1781 538 1865 quidem
561 1782 764 1866 postestate
780 1783 1002 1866 transpositum
1018 1783 1076 1850 est
1108 1783 1245 1866 Apparet

179 1891 220 1956 ab
242 1907 276 1954 eo
299 1889 433 1968 nomine,
456 1887 537 1974 quod
562 1889 619 1954 sub
641 1888 753 1953 litteris
776 1888 891 1954 nobis
909 1888 997 1966 latet,
1011 1889 1146 1972 incipere
1161 1888 1245 1974 prins

179 1996 325 2062 orationis
347 1995 531 2073 membrum,
554 1992 634 2078 quod
656 1995 842 2060 contrarium
869 2002 1002 2078 ponatur
1028 1995 1068 2071 ei,
1091 1995 1174 2080 qnod
1195 2014 1246 2062 se·

176 2102 294 2186 quitur,
318 2100 385 2166 sod
408 2104 539 2167 mente
561 2100 728 2185 quadam
750 2100 983 2186 grandisica
1004 2104 1073 2184 cet,
1092 2102 1245 2168 idautem

180 2225 292 2274 nomen
314 2207 501 2272 adiectivum
524 2226 591 2273 esse
612 2205 725 2300 dobere
752 2226 822 2273 cum
852 2209 1015 2293 rugosis
1037 2209 1244 2289 coniunctum,
1299 2251 1305 2256 -

175 2312 327 2398 quoniam
355 2329 454 2396 nequo
481 2312 712 2379 substantivum
734 2312 851 2378 nudum
874 2313 965 2380 alteri
987 2315 1058 2382 huic
1079 2317 1160 2400 parti
1181 2335 1245 2381 ru·

180 2422 372 2506 gosisquo
395 2419 583 2484 membris
604 2417 681 2484 satis
704 2420 901 2502 responderet
923 2439 1020 2505 neque
1042 2421 1070 2487 ai
1093 2421 1245 2488 ablativus

177 2530 300 2596 aetate
334 2525 463 2591 medin
494 2525 576 2590 recte
608 2525 825 2608 applicaretur.
880 2527 1024 2609 Suspicor
1046 2527 1247 2594 Ammianum

181 2635 355 2716 scripsisse:
388 2631 478 2699 robIe
510 2631 669 2714 quidem
698 2632 818 2697 aetate
846 2634 975 2698 media
1002 2635 1246 2718 rugosisque

74 2813 75 2816 ,
180 2740 369 2807 membris
385 2736 558 2823 rarimeque
574 2737 731 2810 vocabulo,
746 2737 783 2802 de
797 2757 857 2822 qno
873 2740 1043 2823 comparari
1059 2739 1160 2818 velim,
1178 2758 1246 2824 quae

174 2845 342 2911 Cranrcrus
372 2843 510 2926 exposuit
536 2843 574 2908 ad
597 2842 692 2909 schol.
718 2846 820 2910 Iuven.
843 2843 929 2919 VIII,
957 2847 1024 2920 155,
1054 2845 1246 2930 sIgnifioasse

176 2952 314 3017 colorem
345 2970 363 3014 a
392 2947 481 3015 molli
510 2951 607 3015 nitore
637 2951 743 3032 primae
766 2952 867 3016 aetatis
889 2951 921 3015 in
942 2950 1097 3016 duriorem
1121 2956 1152 3018 et
1174 2955 1245 3022 sub·

180 3057 301 3122 fuscum
329 3049 476 3120 annorum
507 3059 539 3121 et
566 3056 708 3124 laborum
734 3075 896 3142 progressu
918 3057 1096 3125 traductum
1123 3063 1155 3125 et
1176 3079 1247 3127 cum

175 3163 348 3246 asperitate
369 3162 450 3229 cutis
472 3163 680 3230 coniunctum.

282 3268 409 3347 Ibid.8‚
435 3269 490 3332 13:
514 3267 606 3334 Nam
630 3271 669 3335 et
690 3269 896 3335 casuillis
918 3271 1020 3353 ipsis
1044 3270 1187 3336 diebus
1209 3273 1246 3335 iu

176 3375 426 3442 suburbanis
468 3375 682 3459 peregrina
723 3377 961 3443 communale
1000 3377 1247 3443 circumacto

175 3500 283 3547 anno
318 3480 446 3546 sollta
482 3481 685 3548 celebrari
722 3482 943 3548 multitudo
979 3500 1247 3548 convenarum

176 3588 356 3672 augebat
377 3586 613 3671 agrestium.
647 3588 847 3671 Iniuriapost
862 3587 1024 3652 Gelonium
1048 3589 1248 3654 celebrare

181 3695 336 3773 scribitur,
369 3694 471 3761 vorbis
498 3710 591 3775 prave
619 3694 832 3776 interpunctis.
878 3693 964 3759 Nihil
992 3695 1170 3780 augebatur,
1193 3693 1248 3760 sed

179 3799 351 3866 multitudo
373 3817 579 3866 convenarum
601 3800 722 3883 agebat
743 3790 905 3886 peregrina
919 3800 1101 3866 commercia
1117 3802 1250 3866 circum·

176 3905 251 3970 acto
274 3924 351 3971 anno
372 3904 464 3972 solita
489 3906 647 3972 celebrari.
965 3948 968 3955 -
1071 3925 1073 3930 ’

282 4009 349 4076 Lib.
372 4009 458 4090 XIX,
482 4013 510 4089 2,
533 4015 569 4078 9:
593 4012 767 4097 Namque
791 4058 821 4074 ..
845 4014 1248 4098 propugnatores...

177 4116 221 4180 in
245 4116 679 4184 maximodefandandi
699 4120 838 4184 ardore
861 4118 994 4184 saucii
1019 4118 1251 4201 perniciose

1016 4237 1050 4292 17
