3008 4654
303 254 367 319 268
665 256 725 312 Inb-
745 257 782 312 ΙΙ.
801 258 867 326 Cap.
883 258 932 313 Vl.

264 452 457 536 significatur
477 455 582 522 verbis
602 458 691 523 aius
713 455 818 532 (aciei)
840 454 1058 537 occipitiis
1079 455 1340 537 pertinacius

263 558 427 626 bareos.
470 563 539 643 [Sic
558 563 622 630 hm
643 565 706 630 lac
728 561 928 639 Gronovius]

364 699 431 766 Lib.
454 701 552 778 XXV,
581 704 611 782 3,
639 705 696 768 1⁷:
730 703 809 768 Nec
836 721 893 767 me
922 705 1131 786 gestorum
1165 700 1342 783 paenitet

266 807 337 871 ant
357 812 494 892 gravis
515 809 674 894 flagitii
697 808 931 877 recordatio
952 809 1142 892 stringit,
1164 809 1228 872 rel
1251 826 1338 872 cnm

264 913 467 979 inumbra
494 917 535 980 et
562 918 728 1002 angulis
749 916 1004 993 emundator,
1025 914 1092 980 vel
1109 916 1203 997 post
1224 916 1342 996 prin·

267 1020 448 1103 cipetum
468 1026 718 1105 susceptum,
733 1040 847 1107 quem
862 1021 1343 1105 tamquamacognatione

268 1127 448 1192 caelitum
473 1127 723 1194 defluentem
746 1127 1126 1206 immaculatum,ut
1148 1126 1342 1204 existimo,

267 1233 508 1299 conservari
529 1238 588 1299 net
636 1235 828 1301 Proncminia
850 1253 964 1318 quern
985 1234 1105 1298 nullum
1126 1233 1159 1297 in
1180 1231 1343 1299 codicibus-

267 1339 431 1423 uestiginm
466 1341 524 1417 est,
556 1360 655 1425 neque
687 1359 761 1407 sane
795 1342 997 1425 principatus,
1030 1340 1155 1405 etiamsi
1189 1338 1345 1405 divinitus
1478 1413 1479 1420 χ

268 1445 360 1511 datus
381 1446 588 1530 intelligatur,
617 1447 802 1514 ullomodo
833 1467 853 1513 a
886 1447 1128 1530 cognatione
1160 1446 1338 1510 caelitum

269 1551 455 1618 defluere
476 1553 537 1618 dici
558 1555 677 1636 potest3
699 1555 765 1620 baec
787 1555 879 1618 rerba
899 1552 1074 1619 necessario
1090 1551 1129 1618 ad
1145 1552 1344 1617 Platonicam
1478 1631 1479 1638 ἵ

269 1659 456 1722 sententiam
478 1657 517 1724 de
540 1661 634 1724 animi
657 1660 782 1726 hnmani
811 1679 881 1726 curn
910 1659 1026 1734 divine,
1053 1678 1154 1742 aquo
1176 1659 1345 1740 decerptus

268 1765 320 1839 sit,
351 1764 534 1847 cognatione
564 1766 728 1848 pertinent
782 1765 893 1850 ltaque
925 1765 971 1830 sic
1002 1767 1173 1831 orationem
1204 1763 1344 1830 redinte-
1478 1803 1479 1808 κ

268 1870 421 1956 grandnm
442 1871 804 1958 putoz—stringit
854 1871 928 1937 Vel
957 1872 1107 1937 cumin
1135 1871 1274 1936 umbra
1303 1877 1348 1936 et
1478 1869 1479 1874 ’

270 1977 434 2062 angulis
456 1977 711 2056 amandaret,
740 1979 804 2044 nel
833 1983 925 2062 post
952 1978 1229 2062 principatum
1251 1997 1348 2044 sus·
1478 1959 1479 1984 ³

269 2088 431 2167 ceptum
452 2083 676 2166 <animun>
700 2087 901 2169 tamqnam
923 2104 943 2151 a
968 2085 1210 2170 cognatione
1231 2083 1346 2151 cali·
1478 2149 1479 2160 ,

271 2193 354 2258 tum
390 2190 641 2256 defluentem
682 2190 1005 2268 immaculatum,
1048 2195 1090 2256 nt
1132 2191 1348 2270 existimo‚

272 2296 523 2364 conservavi.
1478 2293 1479 2304 ’

373 2451 440 2516 Lib.
462 2448 574 2526 XXVI,
596 2449 626 2524 6,
643 2449 681 2514 ³:
703 2450 809 2514 salso
829 2467 987 2514 rumore
1008 2450 1210 2532 disperso,
1232 2451 1350 2515 inter
1478 2403 1479 2460 l

275 2557 467 2624 abeuntis
510 2555 719 2621 anhelitus
758 2555 897 2620 animae
933 2555 1101 2621 eundern
1141 2556 1343 2622 lulianum

272 2681 366 2729 vero
398 2665 626 2740 mandasse,
658 2662 819 2745 placere
854 2662 935 2726 sibi
968 2661 1165 2744 Procopio
1203 2663 1349 2729 claros
1395 2749 1399 2756 Ι

273 2789 429 2836 snmmae
450 2767 934 2854 reigerendaecommitti.
964 2767 1081 2844 Varo,
1096 2767 1264 2850 qnodlerri
1281 2786 1347 2834 non

273 2894 362 2958 posse
384 2874 584 2941 manifestum
606 2878 664 2953 est,
693 2874 748 2940 alii
776 2874 979 2951 sustulerunt,
1001 2872 1058 2938 alii
1077 2893 1176 2956 nuper
1198 2875 1231 2940 in
1252 2893 1350 2940 sero

275 2987 447 3058 mutarunt3
481 2999 590 3046 rernm
621 3000 689 3046 sera
721 2999 781 3046 non
814 2983 880 3046 erat
907 2979 1094 3064 significatio
1115 2980 1346 3057 voluntatissi

275 3087 456 3153 audiebatur
480 3092 512 3152 st
533 3087 783 3174 intelligebatur;
811 3086 993 3152 brevissima
1020 3085 1091 3166 fuit
1121 3088 1267 3169 qnoniam
1293 3086 1348 3150 vix

274 3192 362 3277 loqui
383 3193 516 3258 moriens
538 3193 703 3276 imperator
717 3196 845 3276 poterat.
875 3193 1077 3259 Scribendnm
1092 3193 1190 3278 igitur
1204 3193 1352 3259 videtur:

276 3300 480 3366 lulianum
500 3297 602 3366 verbo
624 3299 843 3366 mandasse.

377 3441 457 3507 lbid.
479 3442 571 3526 §152
592 3441 695 3506 utin
718 3440 920 3506 theatrali
942 3459 1061 3507 scena
1082 3438 1350 3504 simulacrum

275 3548 475 3632 quoddam
497 3548 662 3631 insigne
691 3565 759 3630 par
784 3546 949 3612 anlaenm
972 3547 1035 3612 vel
1058 3544 1257 3612 mimicam
1280 3563 1346 3610 ca·

276 3653 540 3720 villationem
576 3652 714 3719 subito
749 3656 916 3735 putaras
950 3670 1155 3718 emersum.
1214 3649 1352 3718 Mirifice

277 3758 477 3826 simulacrum
508 3777 563 3843 per
591 3759 831 3836 cavillationem,
864 3777 933 3842 quae
960 3757 992 3824 in
1025 3757 1127 3824 verbis
1154 3757 1258 3840 posita
1286 3762 1345 3834 est,

277 3884 430 3932 emersum
453 3865 569 3932 dicitur
597 3867 630 3932 et
659 3869 816 3948 umquam
846 3864 933 3946 paria
960 3864 1188 3948 coniunguntur
1212 3863 1352 3928 aulaeum

278 3979 310 4038 et
337 3971 504 4038 cavillatio.
562 3971 598 4036 ln
632 3971 787 4038 codicibus
822 3969 960 4053 antiquis
995 3970 1152 4036 andbitun:
1183 3968 1245 4035 vel
1273 3971 1350 4034 nri-

281 4079 380 4144 ciam
403 4077 725 4144 cavillationem.
780 4077 898 4161 Opincr
918 4077 1059 4142 subesse:
1090 4094 1159 4158 per
1180 4075 1354 4140 aulaeum
