3008 4650
297 293 337 356 68
665 291 725 347 nio.
743 291 766 346 1.
785 291 850 362 cap.
869 291 917 346 lv.

352 489 387 554 P.
398 489 460 552 466
475 506 504 556 e.
541 488 578 552 In
594 488 767 571 fragmento
782 507 818 552 er
832 487 989 554 Thebaide
1006 486 1123 572 cyclica
1143 474 1322 572 deprompto

254 595 388 678 Oedipus
410 595 523 660 dicitnr
544 594 626 658 diras
648 594 720 659 filiis
742 595 931 676 imprecatus
961 612 1027 660 esse
1060 595 1320 679 vaticinatusque:

337 722 382 799 ώς
404 721 444 790 αὖ
467 727 499 789 οἱ
521 718 685 810 πατρώαν
706 726 759 808 εἴη
782 716 937 809 φιλότητι

337 826 522 908 δώσσαινώ,
545 825 765 917 α’μφοτὲροισι
789 825 819 897 δ’
843 838 890 898 ἔοι
919 823 1065 913 πόλι-μοι’
1088 855 1125 895 τε
1146 825 1252 916 μώχαι
1274 855 1321 896 τε.

353 961 494 1028 Primum
516 963 641 1027 subesse
663 953 809 1045 πατριόϊν
836 959 899 1044 (vel
930 961 1031 1044 potins
1063 978 1135 1025 cum
1169 956 1323 1024 Meinekio

253 1065 295 1134 τό
319 1060 479 1152 πατρώὶ·’)
507 1072 590 1133 recte
624 1067 815 1133 intellectum
849 1067 913 1147 est3
946 1065 1001 1132 sed
1034 1069 1114 1148 quod
1146 1065 1323 1154 Hermanno

161 1185 163 1190 ’
255 1176 380 1241 auctore
412 1191 493 1239 nunc
524 1173 626 1239 editur
657 1174 772 1262 ἐνηείῃ
805 1168 995 1259 φιλότητος,
1030 1189 1129 1255 neque
1160 1173 1230 1254 apte
1251 1188 1323 1236 con·

253 1279 392 1364 iungitur
422 1280 536 1368 ἐνηείῃ
568 1274 749 1367 φιλότητος
778 1283 840 1358 (est
867 1281 951 1346 enim
978 1297 1102 1363 prorsus
1124 1277 1207 1342 idem
1229 1276 1323 1359 atque

254 1381 424 1472 φιλότητι)
456 1388 489 1452 et
519 1386 664 1452 audacter
697 1407 736 1453 ex
758 1383 913 1473 φιλότητι
934 1387 972 1452 fit
994 1379 1186 1472 φιλότητος.
1242 1382 1322 1447 Scri-

253 1493 388 1561 bendum
410 1494 492 1558 eret:
1206 1541 1209 1545 .

338 1595 382 1674 ώς
404 1597 445 1666 oui
467 1603 501 1666 οἱ
520 1595 563 1665 τώ
586 1592 729 1685 πατρώὶ·’
752 1606 795 1666 ἐν
816 1592 914 1689 ἠοίῃ
934 1592 1115 1686 princpes,

254 1709 342 1792 grate
373 1707 513 1784 caritate,
536 1725 605 1772 cum
629 1708 707 1773 bonu
728 1707 839 1792 gretie.
896 1707 1049 1772 Tenemus
1084 1706 1165 1770 enim
1196 1703 1247 1767 hic
1268 1700 1322 1765 ad-

253 1815 366 1892 iectivi,
389 1812 470 1899 quod
492 1816 539 1878 est
560 1807 633 1899 ἠόα,
657 1814 786 1878 formem
809 1815 1000 1891 femininam,
1023 1813 1109 1878 cuius
1131 1810 1227 1875 etiam
1248 1807 1323 1873 olibi

253 1921 386 2004 vestigia
407 1921 534 1986 obscura
555 1919 678 1999 sunt.*)

353 2073 389 2138 P.
402 2072 464 2134 478
475 2087 510 2135 a:
533 2064 739 2156 Νικόμαχος
753 2064 783 2137 δ’
794 2076 831 2137 ἐν
843 2066 963 2157 πρώτῳ
976 2072 1054 2156 περὶ
1074 2070 1198 2154 ἑορτῶν
1212 2072 1324 2155 Αἰγυ-

255 2178 365 2245 πτίαν
397 2177 488 2263 φησί·
528 2174 576 2243 Τό
606 2177 640 2244 oc
670 2172 775 2244 κόνδυ
802 2179 870 2244 ἐστὶ
900 2180 965 2262 μὲν
996 2170 1180 2263 Περσικόν,
1202 2170 1268 2260 τήν
1290 2175 1324 2241 δὲ

256 2278 365 2374 α’ρχήν
392 2281 438 2371 ἢν
460 2281 666 2371 Ἕρμιππος
695 2277 938 2373 ώστρολογικός
965 2279 1011 2358 οἷς
1039 2279 1059 2351 ό
1085 2279 1211 2369 κόσμος
1232 2289 1265 2360 ἐξ
1287 2271 1331 2350 οὗ

255 2393 323 2456 τών
357 2393 451 2457 θεών
482 2385 524 2457 τώ
561 2387 730 2476 θαύματα
765 2393 822 2459 καὶ
857 2387 900 2458 τώ
931 2386 1133 2477 καρπώσιμα
1166 2391 1327 2478 γίνεσθαι
1427 2433 1431 2439 -

257 2499 312 2566 ἐπὶ
333 2500 406 2587 γῆς·
429 2495 481 2567 διό
505 2505 540 2565 ἐκ
562 2490 689 2566 τσώτον
711 2500 931 2568 σπένδεσθαι.
980 2499 1048 2564 nesi
1074 2498 1168 2564 verba
1189 2497 1228 2563 ad
1253 2498 1327 2563 reli·

256 2605 360 2691 giones
395 2606 427 2671 et
466 2607 624 2692 opiniones
657 2607 857 2692 AEgpptiuces
890 2607 1075 2689 pertinentia
1108 2602 1277 2669 foedissime
1309 2624 1328 2669 s

169 2765 171 2771 .
256 2712 389 2778 librariis
423 2714 549 2778 confusa
581 2713 670 2797 plene
704 2715 865 2779 rcst'tuere
898 2729 1025 2795 nequeo,
1062 2712 1184 2776 tantum
1220 2712 1326 2777 tamen

256 2819 354 2893 viden,
373 2837 434 2883 non
456 2819 559 2884 nescio
582 2838 672 2902 quem
698 2819 902 2900 Hermippum
931 2836 950 2881 s
976 2815 1162 2882 Nicomacho
1187 2818 1327 2883 nomina·

254 2927 323 2988 turn
346 2943 420 2996 esse.
444 2926 497 2988 sed
520 2926 700 3006 expositum,
733 2925 765 2988 id
792 2942 911 3000 nomen,
940 2923 1023 3006 quod
1053 2941 1134 2988 nunc
1156 2923 1194 2989 dc
1215 2925 1327 3007 poculo

256 3033 428 3113 usurpetur,
450 3031 541 3096 initio
562 3029 602 3095 ed
631 3049 696 3096 rem
726 3031 863 3113 aliquem
887 3025 1046 3095 celestem
1072 3047 1141 3094 cum
1172 3031 1327 3097 Mercurio

256 3137 399 3220 (Herma)
432 3137 624 3201 coniunctam
657 3137 849 3220 pertinuisse.
908 3137 1018 3220 Itaque
1055 3155 1090 3202 ex
1119 3132 1329 3223 Ἕρμιππος

256 3242 430 3309 faciendum
466 3246 513 3306 est
547 3237 711 3327 Ἐρμοὺ
748 3244 780 3306 et
815 3241 1001 3308 substantivi
1036 3241 1254 3320 nominativus,
1289 3247 1326 3309 ut

256 3347 373 3430 opinor,
394 3352 449 3414 aut
472 3347 588 3422 οἶκος
611 3352 664 3414 eut
686 3348 788 3430 potius
810 3340 950 3428 ἰπνός,
985 3350 1068 3414 totus
1101 3356 1206 3415 eutem
1238 3350 1325 3416 locus

255 3454 295 3519 ed
309 3454 389 3520 hunc
403 3454 466 3520 tere
481 3456 611 3521 sormam
626 3454 820 3521 scribendus:
844 3451 909 3540 τήν
923 3455 958 3522 δὲ
975 3446 1083 3542 όρχήν
1097 3445 1146 3542 ἦν
1167 3449 1325 3542 Ἑρμοῦ

164 3549 167 3554 ’
256 3555 383 3635 ἰπνός
412 3555 652 3650 α’στρολογικός
685 3563 973 3647 σωσόκσσμας,
1007 3566 1040 3638 ἐξ
1067 3549 1112 3628 οὗ
1142 3555 1225 3628 ώπό
1259 3563 1327 3630 τών

255 3667 351 3734 θεῶν
372 3661 413 3734 τώ
437 3661 604 3752 θαύματα
628 3664 747 3735 unicui
771 3663 974 3755 καρπώσιμα
994 3669 1156 3757 γίνεσθαι
1179 3670 1235 3736 ἐπὶ
1250 3670 1321 3757 γῆς.

310 3935 336 4003 *)
354 3936 386 3990 P.
397 3935 481 3992 used
500 3936 591 4004 (Diod.
610 3954 637 4007 p.
656 3936 736 4006 1040)
755 3954 821 3994 scm:
840 3943 963 3994 netelton
981 3921 1033 4008 μὲν
1050 3935 1121 3994 οὕτω
1140 3940 1222 4004 πόσις
1239 3959 1289 4004 τις,
1309 3936 1327 4009 ἦ

357 4029 448 4098 (vulgo
467 4025 511 4098 ἣν)
531 4027 603 4085 ἐστιν
622 4027 754 4086 canesco
772 4034 862 4087 πίνειν
880 4031 918 4102 μὴ
936 4032 1070 4101 μύσαντα,
1089 4048 1150 4102 quse
1168 4037 1278 4088 constet
1297 4032 1327 4087 in

357 4135 398 4189 co,
417 4128 517 4178 necet.
601 4161 605 4174 .
801 4131 803 4136 '
