3008 4654
307 255 368 326 m
667 257 932 328 mmmm

267 453 414 520 deinde
437 454 546 522 leves
567 460 812 533 armaturae,
839 461 932 540 post
956 456 1209 522 iaculatores
1231 453 1334 518 ulti·

266 560 719 644 masqnesubsidiales
755 562 879 640 ecies,
928 562 962 628 si
1004 562 1088 629 sore
1130 561 1336 646 adegerit,

268 668 498 745 iuvaturus,
521 668 580 734 ita
609 668 845 752 praepositis
866 670 1025 737 urbanae
1055 668 1226 738 familiae
1248 686 1337 734 sus·

267 793 399 858 pensae
435 773 722 859 digerentibus
759 775 965 852 sollicite,
1012 795 1109 861 quos
1151 775 1334 859 insignes

269 881 427 947 iaciunt
465 881 586 966 uirgo
621 881 803 949 dexteris
839 886 1003 968 aptatae,
1033 883 1147 950 velunt
1179 883 1338 948 tessera

270 989 362 1054 data
405 987 609 1054 castrensi
652 988 764 1054 iuxta
799 987 979 1055 vehiculi
1015 990 1189 1055 frontem
1226 1004 1338 1054 omne

270 1093 491 1160 textrinum
521 1094 683 1161 incedit
709 1099 766 1160 cet.
817 1093 895 1161 Cum
926 1094 1061 1162 exercitu
1081 1097 1232 1163 instructo
1254 1113 1338 1161 com-

253 1209 255 1212 ’
270 1205 396 1283 paratur
411 1200 573 1267 seruitium
588 1203 737 1268 urbanum
753 1201 924 1286 generatim
938 1201 1123 1286 dispositum
1138 1204 1170 1268 et
1183 1201 1337 1268 incedens.

271 1308 476 1389 Suspenso
496 1306 617 1374 familia
639 1327 693 1374 cor
714 1308 896 1392 appelletur,
915 1329 976 1376 non
998 1310 1193 1394 intelligitur.
1237 1307 1339 1374 Mani·

272 1415 388 1482 testum
401 1416 450 1480 est
464 1411 632 1480 desiderari
643 1415 911 1500 significationem,
927 1417 1002 1500 quid
1017 1417 1159 1502 digerant
1173 1413 1340 1499 praepositi.

273 1519 490 1587 Scribendum:
528 1521 587 1585 ite
621 1521 856 1604 praepositis
889 1524 1047 1590 urbanae
1081 1521 1247 1590 familia
1283 1537 1341 1590 sua

271 1645 374 1713 pensa
396 1625 684 1711 digerentibus
706 1629 902 1695 sollicite.

373 1757 453 1823 ibid.
477 1758 505 1837 7,
526 1759 563 1823 δε
586 1758 728 1824 Gallus
751 1805 916 1822 ......
939 1758 1192 1826 consularem
1216 1756 1340 1842 Syriae

274 1863 546 1947 Theophilum
574 1883 697 1948 prope
726 1868 929 1933 astantem
960 1862 1343 1932 ultima'metuenti

273 1969 537 2036 multitudini
558 1972 673 2037 dedit
695 1972 803 2049 (codex
828 1973 995 2040 Vaticanus
1018 1971 1164 2051 dediti)
1187 1970 1343 2038 assidue

274 2077 530 2158 replicando,
560 2079 660 2162 quod
692 2078 825 2146 invito
857 2084 1016 2148 rectore
1052 2079 1192 2146 nullus
1225 2097 1344 2163 egere

274 2183 430 2264 poterit
451 2182 572 2249 uicto.
608 2183 809 2252 Scribendnm
826 2188 946 2253 videtur
957 2184 1082 2254 dedidit
1093 2188 1143 2263 (ut
1157 2185 1343 2269 supplicium

276 2287 314 2353 de
337 2308 374 2354 eo
395 2296 533 2356 sumeret
554 2291 731 2372 multitudo,
755 2297 789 2359 ut
810 2293 986 2384 ostendunt,
1010 2311 1078 2378 qoae
1101 2293 1292 2376 sequuntur).

376 2431 454 2496 lbid.
479 2433 528 2510 10,
554 2433 592 2495 12
614 2435 656 2510 (in
680 2435 818 2502 oratione
833 2432 1004 2502 Constantii
1023 2433 1247 2517 imperatorislz
1269 2433 1345 2499 Pro

276 2555 346 2602 suo
369 2539 471 2604 enirn
495 2540 582 2607 loco
605 2544 643 2606 et
664 2541 795 2607 animo
822 2543 992 2627 quisque
1023 2543 1201 2607 vestrum
1223 2559 1344 2624 repu-

153 2690 156 2696 .
274 2645 366 2710 tans
389 2645 428 2710 id
450 2647 634 2713 inueniet
654 2667 805 2728 verum,
825 2646 1345 2734 quodmilesubique...se

277 2751 403 2816 solum
426 2754 633 2838 vitemque
663 2756 864 2840 propriam
893 2754 1179 2839 circumspicit
1208 2760 1247 2820 et
1273 2752 1344 2819 de-

277 2857 426 2938 fendit,
459 2859 681 2943 imperator
714 2880 806 2928 vero
839 2861 1072 2928 officiorum
1106 2861 1192 2926 dum
1225 2859 1342 2944 equis

279 2965 463 3032 omnibus
488 2967 630 3034 alienae
659 2973 799 3035 custos
821 2969 970 3034 salutis
993 2967 1098 3033 nihil
1121 2987 1194 3034 non
1216 2967 1263 3032 ad
1285 2965 1345 3033 sui

278 3073 464 3153 spectare
485 3074 657 3140 tutelam
681 3074 788 3140 ratio
812 3121 917 3142 .....
940 3075 1064 3153 (lacuna
1090 3075 1129 3138 25
1155 3073 1344 3153 litterarum)

277 3180 316 3242 et
340 3179 517 3247 remedia
538 3186 697 3259 cuncta,
728 3200 810 3264 qum
838 3185 973 3248 status
998 3181 1252 3264 negotiorum
1274 3180 1345 3245 ad-

378 3455 459 3512 nulla.
479 3452 680 3524 interpolarunt
706 3453 791 3522 mogh
821 3467 902 3521 quam
931 3449 1119 3518 emendarunt,
1146 3456 1241 3505 nostra
1263 3455 1348 3504 aetate

313 3586 315 3592 s
379 3547 502 3603 codicum
519 3547 779 3615 manuscriptorum
798 3545 918 3602 subsidia
938 3543 1047 3614 egregia
1064 3549 1163 3614 parata
1182 3549 1253 3612 sunt,
1271 3541 1348 3598 Vati-

380 3643 439 3697 cani
468 3642 584 3697 maxime
618 3647 647 3697 et
678 3641 794 3706 Petrini3
829 3637 1010 3695 subsidiorum
1036 3637 1225 3706 praestantiam
1250 3650 1349 3705 pamm

380 3741 524 3804 aequarunt
542 3735 677 3790 editorum
694 3735 830 3804 ingenium
849 3739 877 3790 et
894 3731 1020 3787 iudicium
1033 3711 1219 3798 orationisque
1231 3727 1349 3798 turgidae

381 3835 409 3884 et
425 3828 502 3896 mire,
521 3828 571 3885 sed
589 3845 650 3883 cum
673 3829 765 3898 aliqua
787 3826 894 3882 artificii
917 3824 1072 3881 constantia
1094 3827 1227 3880 conunae
1249 3821 1350 3876 iutelli-

381 3923 480 3991 gentia,
508 3921 606 3991 quibua
634 3938 703 3991 opus
731 3926 791 3976 erat
818 3919 853 3974 ad
878 3917 1000 3973 eruenda
1018 3934 1060 3986 ea,
1079 3932 1140 3986 qum
1158 3916 1277 3970 laterent
1295 3905 1348 3970 sub

380 4017 531 4070 httererum
560 4012 682 4084 vestigiis
711 4014 777 4070 satis
805 4011 956 4080 tenacibus,
978 4012 1029 4067 nisi
1050 4011 1098 4066 ubi
1117 4008 1203 4063 errori
1221 4003 1355 4062 adiuncta

382 4115 424 4164 cst
442 4107 558 4164 oncissio.
722 4117 724 4122 ’
