3008 4654
523 308 679 366 Ammianus
697 305 882 366 Marcellinus.
1129 305 1191 372 273

135 510 391 592 'exstirpati
434 508 746 576 discriminibus
790 507 974 574 didicere
1022 506 1231 588 supremis.

167 617 244 698 Quis
276 619 316 682 sit
348 618 514 682 habitus
547 614 791 697 prudentiae,
824 617 856 680 et
884 613 959 698 quid
987 612 1025 678 de
1047 612 1104 677 hoc
1124 611 1233 678 habitu

167 725 270 791 valeat
292 725 431 808 potestas
446 723 570 804 Martia,
592 723 708 788 frustra
729 722 922 805 quaesiverim
945 738 1036 805 nugae
1057 719 1139 784 enim
1160 721 1233 784 sunt

167 831 355 896 certissima.
400 829 475 895 Veri
496 829 704 894 inventionem
736 847 796 894 non
826 847 900 895 sane
926 827 1084 894 difficilem
1106 825 1232 891 adiuvat

166 939 259 1003 codex
278 938 314 1015 V,
337 938 368 1002 in
392 956 452 1020 quo
477 937 525 1002 est
547 935 703 1012 habitam
725 934 910 1002 Ammianus
932 935 1114 1020 scripserat:
1136 933 1233 1017 quid

167 1046 351 1126 potestas
379 1043 527 1107 Martia
547 1039 693 1109 adbibita
713 1042 892 1127 prudentia
917 1042 1065 1107 valeat.
1109 1043 1146 1106 In
1170 1041 1232 1105 Ro·

167 1151 266 1216 manis
288 1150 416 1216 ducibus
430 1150 537 1214 virtuti
553 1148 680 1213 militari
700 1147 845 1214 adiuncta
861 1150 927 1214 erut
942 1149 1116 1231 prudentia.
1154 1147 1232 1212 Cum

167 1256 271 1322 littera
303 1277 331 1336 a,
367 1275 435 1340 quae
453 1255 516 1320 2bis
548 1253 642 1320 scribi
674 1253 817 1333 debebat,
850 1257 946 1321 semel
974 1255 1087 1338 scripta
1116 1255 1230 1320 sactum

167 1365 263 1428 esset:
287 1361 616 1435 Martiadhibita,
638 1360 773 1442 nmmum
805 1361 878 1428 hinc
903 1365 1004 1427 ortum
1027 1362 1075 1426 est
1097 1360 1142 1425 de
1164 1361 1232 1426 ba—

158 1469 268 1547 bila,
292 1470 357 1534 tum
381 1468 413 1532 in
435 1467 591 1534 codicibus
614 1465 818 1533 deterioribus
849 1466 893 1531 de
922 1467 1075 1533 habitu.
1120 1467 1232 1532 Paucis

165 1575 245 1641 inira
266 1576 404 1642 versibus
427 1581 458 1656 (ς
482 1573 535 1651 13)
558 1592 593 1637 er
614 1572 727 1639 litteris
759 1574 849 1655 post
880 1573 938 1638 eri
959 1574 1116 1641 urbium
1139 1594 1231 1658 oap-

43 1737 46 1744 .
165 1687 294 1748 tarum
312 1680 435 1746 videtur
450 1680 642 1746 iaciendum:
665 1682 755 1764 post
776 1695 938 1746 erumnas
960 1680 1117 1747 urbium
1138 1701 1231 1764 cap·

165 1792 305 1854 tarum.

265 1894 344 1959 ibid.
373 1895 423 1970 10,
452 1892 489 1957 3:
524 1893 687 1973 accolae,
721 1893 767 1959 ad
801 1892 1060 1958 Romanorum
1099 1911 1230 1959 verum
1353 1887 1356 1893 ’

164 2002 367 2068 excidium
395 2001 609 2066 coniurati.
661 1999 722 2064 Pro
751 2017 882 2065 verum
906 2000 1059 2083 Hauptius
1081 2001 1230 2078 restituit,

164 2108 244 2192 qnod
266 2109 334 2190 ipse
356 2109 552 2185 comederam,
577 2125 723 2184 rerom3
746 2106 798 2171 sed
822 2105 912 2172 scribi
930 2107 1075 2172 debebat:
1099 2109 1144 2172 ad
1168 2107 1230 2176 ao-

164 2232 331 2281 monarum
354 2231 483 2278 rerum
506 2213 716 2279 excidium.

556 2380 699 2448 Rutilius
719 2382 837 2466 Lupus

495 2498 639 2569 (Rhetores
657 2501 718 2556 Lat.
738 2500 780 2555 ed.
799 2499 901 2568 Halm.)

264 2653 330 2717 bib.
365 2655 387 2732 Ι,
429 2655 447 2715 2
484 2654 529 2730 (in
565 2653 703 2735 exemplo
740 2651 904 2738 Lyeurgi):
945 2651 1072 2718 molta
1110 2651 1230 2718 simul

164 2778 247 2824 eum
271 2762 459 2836 (nocentem)
487 2760 746 2841 perturbant,
782 2757 884 2844 quod
917 2759 1043 2839 adest,
1077 2759 1230 2825 sollici-

164 2866 321 2930 tudinis
344 2866 521 2948 plennm,
544 2865 646 2950 quod
670 2865 848 2932 futurum
878 2869 955 2945 est,
985 2866 1228 2932 formidolo-

164 2991 263 3049 sum,
285 2971 349 3036 lex
370 2972 553 3055 puratum
584 2972 830 3055 supplicium
860 2973 1094 3051 ostentans,
1124 2973 1230 3040 vitia

163 3095 206 3142 ex
226 3077 347 3143 vitiis
368 3079 507 3145 coacta
529 3082 586 3144 cet.
631 3077 832 3144 Scribendum
855 3097 936 3145 esse:
961 3079 1031 3145 vila
1052 3098 1094 3144 ex
1114 3081 1229 3147 vitiis

163 3188 303 3251 coacta
324 3186 395 3261 (boo
416 3187 472 3264 est,
495 3186 563 3251 tota
585 3203 620 3249 ex
642 3185 681 3250 iis
704 3185 858 3265 conflata),
887 3186 939 3252 vel
967 3190 1069 3252 ceum
1090 3187 1229 3253 subiecta

163 3291 311 3375 singulari
334 3310 461 3356 numero
482 3291 582 3374 posita
604 3291 777 3357 ostendunt.
812 3292 872 3374 [Sic
886 3293 949 3368 iam
965 3292 1054 3378 Casp.
1071 3293 1228 3372 Barthius,

163 3416 349 3481 quamquam
373 3399 438 3481 ipse
461 3399 568 3480 postea
589 3397 795 3464 coniecturam
816 3399 1010 3481 repudiavit]

263 3503 341 3568 lbid.
363 3507 385 3567 4
406 3504 449 3580 (in
468 3503 606 3588 exemplo
627 3503 822 3588 Hyperidis):
849 3503 1014 3569 Nullum
1037 3507 1100 3570 ast
1122 3507 1224 3572 onim

165 3609 327 3690 vitium,
369 3629 442 3694 quo
490 3610 662 3675 virtutis
705 3608 824 3674 laude
866 3609 1038 3694 gloriari
1082 3615 1225 3694 possis.

162 3715 305 3781 Halmius
339 3718 382 3782 ut
413 3716 485 3781 addi
516 3717 586 3799 post
617 3735 691 3799 quo
710 3717 847 3781 ‘volebat
892 3717 991 3783 scribi
1013 3717 1120 3783 debet:
1143 3720 1228 3804 quod

163 3822 337 3888 virtutis
362 3821 481 3887 laude
503 3821 674 3906 gloriari
691 3822 802 3907 possit.
836 3822 996 3890 Generalis
1012 3829 1060 3889 est
1074 3827 1228 3891 sententia

162 3928 319 4010 superiora
342 3929 533 3994 confirmans.
567 3929 603 3992 In
626 3926 732 3992 eodem
756 3929 894 4010 exemplo
917 3930 1009 4011 paulo
1031 3932 1104 3996 ante
1125 3932 1227 4013 potius

162 4033 337 4098 addendum
362 4034 508 4101 debere
530 4034 731 4118 (intelligi
755 4034 913 4113 dobere)
935 4055 1029 4119 quarn
1056 4037 1225 4103 tollendum

160 4140 357 4224 intelligi.

992 4260 1027 4318 18
