3008 4654
628 263 818 333 Quintilianus.
1128 237 1131 245 ¹
1152 267 1213 334 215

186 459 283 538 seuit,
299 460 335 524 in
350 479 483 540 versu;
499 463 553 528 sed
573 462 606 529 in
622 463 679 529 boo
693 463 760 546 ipso
776 466 914 533 membro
929 466 1068 533 nonnihil
1082 484 1102 531 a
1115 467 1256 552 vestigiis

184 565 330 633 codicum
345 569 377 633 et
392 568 456 633 veri
470 569 633 634 aberravit.
655 569 706 636 Sic
721 572 802 638 enim
818 573 1012 638 scribendum
1028 576 1091 640 est:
1110 575 1255 656 prolem

183 672 353 739 dicendi
373 675 413 740 in
435 693 553 742 versu
573 676 623 744 ius
645 679 704 754 est,
729 678 920 761 prosapia
943 680 1153 746 insulsum.

594 927 716 996 Plinius
738 930 851 997 minor.

207 1161 212 1168 ,
287 1093 342 1175 Ep.
364 1094 389 1172 l,
418 1096 447 1170 t,
470 1095 490 1158 3
519 1095 570 1172 (dc
599 1095 643 1160 M.
673 1097 792 1182 Regulo
821 1100 892 1181 post
920 1098 1092 1165 Domitiani
1121 1102 1252 1168 mortem

181 1199 295 1265 timido
315 1201 440 1282 propter
460 1202 680 1270 conscientiam
709 1205 857 1270 scelerum
886 1206 1149 1282 commissorumlz
1179 1206 1252 1272 La·

179 1309 296 1372 cerat
332 1305 577 1373 Herennium
614 1308 889 1390 Senecionem,
934 1312 1013 1390 tum
1051 1312 1252 1396 intempe-

181 1414 322 1479 ranter
344 1412 522 1498 quidem,
537 1417 580 1480 nt
596 1417 654 1482 oet.
676 1415 858 1482 Necessario
873 1418 1070 1484 scribendum
1084 1407 1251 1488 lacerarat

179 1526 216 1585 et
242 1523 366 1602 propter
393 1540 459 1585 rem
491 1525 523 1587 et
552 1527 678 1607 propter
704 1541 749 1602 ea,
773 1542 842 1608 quae
862 1524 1046 1608 praecedunt,
1069 1523 1249 1608 plusquam-

180 1627 317 1710 perfecto
341 1629 501 1696 toverat
523 1629 555 1696 et
577 1630 867 1696 exsultaverat.

283 1747 363 1813 ruia.
383 1747 469 1825 vm,
491 1748 522 1824 c,
545 1749 563 1811 9
588 1748 639 1825 (oe
660 1748 949 1814 senatueuueium
970 1749 1161 1832 rogantque
1182 1747 1249 1830 ipse
1358 1702 1360 1706 ’

182 1852 359 1920 Pallantem
388 1854 586 1938 compelleret
615 1855 655 1921 ad
683 1853 893 1938 accipiendam
923 1873 1077 1920 summam
1098 1872 1118 1919 a
1138 1856 1249 1920 senatu

177 1958 412 2037 eidecretamir
436 1962 477 2026 ld
502 1981 592 2028 vero
615 1962 770 2042 bearat,
792 1963 835 2027 ut
856 1979 941 2026 cum
955 1959 1248 2028 Pallanteauo·

177 2068 356 2132 toritate
377 2069 541 2150 publica
563 2074 769 2153 ageretur,
793 2069 930 2135 Pallas
952 2069 1183 2154 rogaretur,
1206 2070 1249 2134 ut

175 2175 343 2240 senatui
382 2176 561 2256 cederet,
594 2181 637 2242 ut
671 2175 739 2241 illi
771 2171 1074 2258 superbissimae
1114 2176 1247 2244 absti-

177 2283 323 2349 nentia
346 2283 475 2350 Oaesar
496 2285 583 2366 ipse
605 2282 828 2350 advocatus
857 2286 982 2359 esset,
1014 2301 1059 2350 ue
1087 2285 1244 2349 sester-

173 2388 276 2454 tium
299 2391 455 2456 centies
477 2389 750 2474 quinquagies
772 2392 995 2472 sperneret.
1046 2391 1127 2457 Pieri
1157 2391 1243 2458 nullo

177 2496 265 2562 modo
287 2497 399 2579 potest,
420 2501 458 2562 ut
478 2496 701 2563 advocatus
722 2495 917 2561 abstinentia
940 2495 1042 2569 Caesar
1059 2497 1245 2578 appelletur,
1267 2521 1268 2526 ¹

170 2603 226 2668 eui
247 2605 286 2669 ab
308 2605 417 2670 senatu
439 2608 541 2687 partes
563 2605 675 2670 dentur
695 2621 754 2667 non
779 2600 978 2668 defendenda
998 2600 1148 2668 Pallantis
1170 2605 1242 2670 abs-

176 2710 323 2789 tinentiae,
355 2712 408 2777 sed
443 2711 653 2796 expugnandae
686 2714 717 2775 ct
745 2707 911 2774 vincendae.
962 2706 1090 2774 Poterat
1119 2709 1240 2776 Plinius

175 2818 321 2882 scribere:
355 2818 484 2884 Caesar
515 2819 602 2901 ipse
635 2817 905 2901 allegaretur,
939 2814 1059 2898 proprio
1087 2816 1241 2882 verbodo

171 2923 223 3002 iis,
245 2925 298 3007 qni
320 2925 359 2990 ad
382 2925 515 3008 aliquem
537 2924 680 3007 precandi
709 2925 740 2988 et
769 2922 913 2987 monendi
943 2940 1035 2987 causa
1055 2923 1243 3002 mittuntur3·

174 3031 228 3095 sed
250 3049 286 3096 ex
307 3031 562 3116 allegaretur
583 3047 673 3097 nemo
695 3030 831 3096 tacturus
846 3031 920 3106 erat,
937 3030 1019 3112 qnod
1034 3032 1065 3093 in
1083 3029 1241 3098 codicibus
1340 3113 1343 3118 Ι

168 3137 334 3215 ¹acribitnr;
357 3138 451 3204 aliam
471 3139 567 3223 igitur
589 3135 749 3204 sententia
770 3134 901 3201 formam
915 3135 1036 3200 Plinius
1055 3137 1177 3202 secutus
1193 3139 1241 3202 est

168 3243 364 3328 scripsitque,
387 3246 423 3311 nt
446 3247 561 3327 opinor,
584 3263 645 3309 uno
666 3243 813 3310 vocabulo
834 3243 920 3325 plus:
949 3245 990 3306 ut
1011 3241 1078 3307 illi
1100 3262 1241 3325 snper·

173 3351 349 3416 tissima
370 3349 776 3417 abstinentiaeOaesar
798 3347 1240 3430 ipseadvoeatnsesset

168 3458 358 3541 <testis>,
389 3477 433 3522 ne
454 3459 513 3524 oet.
563 3458 689 3523 Testem
718 3455 910 3522 abstinentiae
946 3453 1047 3519 Pallas
1079 3454 1239 3522 habiturus

43 3581 44 3584 ’
172 3566 238 3630 erat
259 3565 409 3631 Caesarem
444 3583 462 3629 a
494 3566 600 3630 senatu
632 3564 662 3628 in
693 3561 840 3627 auxilium
870 3562 1062 3626 aduocatum.
1106 3561 1238 3628 Videtur

166 3671 294 3737 testis
327 3672 486 3749 omissum,
520 3691 589 3737 cum
622 3670 844 3736 advocatus
877 3687 939 3732 nou
967 3668 1050 3732 recte
1079 3688 1133 3751 pro
1164 3670 1236 3734 sub·

170 3779 305 3844 stantiro
326 3782 485 3861 acceptum
507 3782 599 3844 esset.

270 3896 348 3962 ibid.
371 3897 427 3974 IX,
450 3898 479 3975 6,
503 3897 537 3961 3:
569 3914 666 3980 quos
688 3913 759 3979 ego
780 3892 940 3977 (quosdam
956 3910 1066 3975 graves
1080 3892 1236 3974 homines)

164 4005 253 4068 cum
285 4005 475 4071 recordor
506 4006 545 4070 in
575 4022 614 4070 re
641 4003 753 4067 inani
781 3998 935 4084 frigida
964 3998 1235 4070 assiduatum

168 4110 477 4177 insatiabiliter
505 4110 710 4185 desidere,
741 4109 854 4190 capio
884 4106 1060 4191 aliquam
1091 4107 1234 4192 volup·

1479 4183 1481 4255 l

1477 4303 1480 4423 ὅ
