3012 4652
297 297 357 362 152
658 298 718 354 Lin.
736 299 773 353 Π.
793 299 859 368 Gap.
877 299 915 353 Π.

255 495 520 564 incredibilis
541 499 580 562 in
601 497 705 562 hunc
728 495 1118 566 eadamliberalites
1139 496 1324 563 exstitis-

255 608 332 682 set,
365 621 434 669 nos
465 603 567 669 hunc
599 605 675 668 iam
707 601 859 686 pridem
889 603 928 668 iu
955 602 1040 669 foro
1063 622 1137 670 nou
1160 604 1323 669 habere·¹

254 730 347 776 mus.
391 709 591 778 Scribendum
614 707 755 775 uidetur:
776 708 859 774 nisi
882 755 889 772 .
915 757 922 772 .
945 730 1095 775 summa
1116 709 1156 774 in
1178 727 1325 788 ornnes,

253 815 582 884 incredibilis'in
604 815 707 880 hune
729 815 763 880 ct
784 812 895 908 diviua
915 814 1154 882 liberalitas
1176 818 1245 895 eet,
1264 816 1326 884 hoe

255 925 312 1002 est
334 924 395 990 nisi
415 922 586 989 liberalitas
608 921 747 1000 Caesaris,
778 939 847 1003 qnae
875 921 906 984 in
937 939 1044 987 omnes
1066 940 1188 988 summa
1210 924 1266 1001 est,
1288 925 1320 988 in

254 1030 336 1096 huno
357 1030 546 1097 incredibilis
569 1031 600 1094 et
623 1026 726 1093 divina
747 1027 926 1093 exstitisset.
937 1027 970 1105 *l

355 1220 418 1286 Pro
442 1218 594 1287 Marcello
615 1220 671 1283 10:
694 1217 867 1284 omnium
888 1217 1175 1284 Marcellorum
1197 1237 1322 1284 meum

254 1329 396 1411 pectus
418 1327 609 1392 memoria
630 1322 793 1389 offudit
830 1324 982 1390 Inusitate
1005 1319 1154 1393 memoria
1167 1324 1326 1400 offundere

190 1425 192 1429 ’
253 1437 360 1518 pectus
394 1434 459 1500 eins
492 1431 612 1510 dicitur,
646 1431 699 1515 qui
733 1449 801 1496 earu
837 1450 906 1497 cum
945 1430 1160 1498 benevolentia
1181 1433 1213 1496 et
1235 1432 1322 1516 grato

254 1540 355 1608 animo
378 1540 493 1606 recolit.
541 1537 675 1604 Videtur
696 1537 1003 1623 diceroseripsisse:
1026 1537 1199 1604 omnium
1223 1540 1321 1605 llar-

254 1644 1324 1728 callorum<in>meumpectus<sc>memoriaeffndit

353 1764 431 1832 Ibid.
464 1765 516 1828 12:
548 1765 675 1845 ipsam
712 1763 929 1828 victoriam
961 1762 1115 1828 uicisse
1148 1764 1318 1842 videris,

253 1891 336 1938 cnm
359 1892 419 1950 ea,
449 1890 531 1954 quae
559 1868 635 1934 illa
667 1871 753 1934 erat
774 1869 936 1952 adepta,
960 1868 1085 1935 victis
1108 1870 1323 1936 remisisti.

253 1978 352 2044 Valde
384 1978 530 2043 inusitate
564 1972 692 2040 victoria
723 1975 836 2059 adepta
868 1994 935 2043 esse
967 1975 1088 2052 dicitur,
1123 1995 1191 2060 qna
1220 1975 1322 2042 Caeser

252 2083 399 2151 vincendo
421 2084 552 2165 adeptus
574 2083 649 2162 erat,
673 2099 729 2146 neo
747 2085 854 2164 aptum
875 2081 949 2148 huic
965 2083 1126 2148 sententia
1140 2082 1321 2148 remittendi

253 2191 388 2268 verbum.
446 2187 547 2254 (lodan
578 2187 756 2254 Fuldensis:
791 2191 915 2254 erant.
975 2190 1174 2256 Scribendum
1209 2188 1324 2273 igitur:

252 2316 335 2364 oum
359 2314 416 2373 ea,
440 2314 521 2378 quae
543 2295 618 2360 illa
640 2297 756 2361 erant
778 2294 941 2383 adempta,
963 2296 1089 2362 victis
1112 2296 1324 2374 remisisti,

252 2405 282 2470 id
305 2405 362 2484 est,
384 2401 557 2469 reddidisti.

352 2593 492 2680 Philipp.
509 2592 559 2672 ll,·
575 2593 629 2655 19:
653 2593 742 2658 Haec
763 2597 805 2658 tu
827 2611 900 2658 non
924 2595 1089 2676 propter
1111 2593 1318 2658 audaciam

252 2702 353 2767 dicis
375 2702 455 2765 tam
481 2699 755 2782 impudenter,
785 2699 854 2764 sed
883 2701 977 2784 quia
1005 2702 1161 2765 tantam
1189 2717 1320 2765 rerum

250 2806 560 2892 repugnantiam
583 2824 656 2871 non
682 2805 830 2871 videas.
857 2805 975 2872 Nihil
996 2807 1180 2890 prolecto
1204 2806 1325 2890 sapis.

251 2915 302 2980 Sic
323 2911 418 2980 codex
444 2912 622 2978 Vaticanus.
670 2911 790 2977 Vitium
825 2913 970 2979 orationis
1004 2918 1131 2996 apparat
1164 2913 1195 2977 in
1228 2913 1321 2996 qnia

355 3019 511 3094 videas,
551 3017 697 3100 qnoniam
735 3019 766 3083 in
800 3019 857 3085 hae
888 3019 1094 3085 affirmatione
1127 3020 1320 3087 coniunctim

249 3126 335 3192 locus
356 3135 415 3191 non
438 3125 494 3189 est.
538 3124 658 3189 Deinde
680 3127 843 3207 posthanc
859 3127 1113 3192 affirmationem:
1138 3127 1205 3192 sed
1229 3127 1320 3210 quia

302 3395 329 3464 *l
349 3400 364 3460 9
382 3394 418 3450 43
436 3394 503 3449 nihil
526 3401 577 3464 est,
604 3411 655 3450 cur
681 3411 737 3450 non
764 3403 838 3451 recte
867 3396 993 3453 dicantur
1018 3403 1134 3467 turpes
1162 3397 1325 3468 impensae

348 3488 589 3559 cupiditatum,
608 3505 670 3560 quse
688 3489 757 3544 fiant
776 3489 811 3546 ad
830 3490 995 3560 cupiditates
1015 3489 1173 3562 explendas.
1210 3491 1324 3548 Deinde·

348 3582 388 3638 sic
407 3582 580 3642 scribendum
607 3589 664 3638 est:
694 3582 864 3641 labentem
892 3585 1040 3656 excepit,
1068 3600 1225 3641 corruere
1254 3601 1321 3640 non

347 3675 441 3744 sivit,
460 3675 560 3731 fulsit
578 3682 610 3731 et
629 3676 795 3731 sustinuit
812 3693 859 3746 re,
877 3676 963 3747 lide,
982 3678 1149 3746 hodieque
1169 3679 1316 3734 sustinet

308 3783 310 3788 ·
347 3770 418 3836 (haec
445 3786 500 3824 una
528 3769 599 3824 serie
626 3776 700 3824 recte
719 3769 869 3825 decurrunt
886 3771 920 3826 de
939 3771 982 3839 iis,
1010 3788 1071 3839 quae
1091 3772 1185 3826 Caesar
1202 3771 1317 3827 Rabirio

338 3862 481 3931 tribuerit,
511 3878 626 3931 quorum
658 3862 821 3917 sententiam
842 3862 963 3918 breviter
988 3871 1132 3920 enarrator
1162 3865 1260 3934 aliquis
1288 3867 1317 3920 in

346 3956 471 4026 margine
490 3954 696 4025 comprehendit
713 3955 769 4008 illis
788 3955 890 4012 verbis:
919 3973 979 4012 nee
1006 3958 1142 4014 amicum
1169 3959 1315 4029 pruden-

350 4056 413 4105 tem
432 4056 485 4104 cet.
521 4048 627 4103 Deinde
645 4048 779 4102 transitur
801 4048 837 4104 ad
861 4052 1017 4117 generalem
1043 4051 1158 4107 Caesaris
1184 4051 1322 4122 laudem)

345 4141 527 4196 Necillius
548 4141 647 4196 animi
665 4147 716 4197 cet.
757 4179 759 4182 -
825 4160 827 4166 ·
