3008 4650
306 283 346 348 88
677 283 737 338 nin.
757 284 793 338 11.
813 284 878 353 cap.
896 285 918 337 1.

262 481 542 564 peperissent,
585 483 868 564 perfecerunt,
912 483 955 546 ut
1075 481 1335 548 auctoritate

264 588 355 671 plns
378 589 501 654 otiam
522 605 635 672 quem
657 586 746 670 ipso
772 587 938 669 ingenio
961 588 1160 654 valerent.
1256 659 1260 666 ,

366 751 443 816 lbid.
473 751 551 816 219:
585 749 701 816 nobis
732 755 883 828 tamen,
915 753 982 836 qui
1015 753 1053 816 in
1087 752 1159 818 hoc
1190 751 1335 836 populo

264 858 434 940 foroque
464 875 688 935 versemur,
718 859 824 922 satis
853 861 915 923 est
937 875 979 922 ee
1002 857 1046 922 de
1068 859 1250 924 moribus
1272 856 1336 922 ho·

264 965 407 1028 minum
432 964 472 1028 et
500 963 606 1028 scire
635 966 673 1028 et
703 963 856 1038 dicere,
892 983 975 1048 qnae
1009 983 1082 1029 uon
1115 964 1335 1030 abhorrent

265 1072 310 1135 ab
332 1068 535 1134 hominum
557 1069 748 1138 moribus.
803 1071 920 1136 Vitiose
951 1089 1129 1136 concurrere
1152 1071 1195 1136 de
1218 1073 1334 1137 mori·

262 1178 337 1243 bus
359 1175 562 1240 hominum
585 1177 617 1240 et
638 1177 683 1240 ab
712 1176 916 1242 hominum
945 1177 1124 1243 moribus
1147 1178 1265 1261 pridem
1287 1178 1333 1242 in-

234 1363 236 1368 ,
264 1282 425 1348 tellectum
455 1284 517 1360 est;
547 1283 602 1348 sod
630 1283 734 1348 mendi
763 1283 851 1348 sedes
873 1301 942 1362 non,
965 1284 1001 1349 ut
1022 1281 1182 1348 llmestius
1203 1285 1334 1364 putavit,

264 1389 296 1475 in
319 1388 471 1472 prioribus
493 1389 595 1455 verbis
618 1391 674 1464 est,
709 1408 775 1473 quoe
804 1392 886 1455 recte
912 1389 959 1466 iis,
989 1407 1056 1473 quae
1078 1389 1262 1470 praecednnt,
1286 1410 1335 1456 re·

265 1495 426 1579 spondent,
460 1495 514 1561 sed
547 1495 646 1561 altero
678 1495 763 1572 looo;
797 1514 896 1580 neque
929 1495 1011 1561 enirn
1042 1496 1143 1561 orator
1173 1495 1335 1562 admones

267 1601 427 1666 hominnm
460 1602 621 1668 scientiam
656 1620 743 1668 suam
776 1602 1005 1685 orationemque
1036 1602 1256 1680 accommodet,
1280 1604 1334 1668 sed

266 1708 304 1773 ed
328 1709 445 1773 animos
468 1711 500 1775 et
522 1709 697 1775 voluntates
720 1710 752 1774 et
774 1707 813 1773 ad
835 1706 878 1792 iol,
902 1709 983 1791 quod
1007 1708 1139 1773 libenter
1158 1709 1333 1774 admittitur

267 1814 458 1898 auditurque.
512 1815 652 1898 Simplici
674 1816 779 1881 littera
807 1835 839 1879 m
867 1815 1012 1880 restitute
1033 1830 1087 1896 pro
1109 1815 1276 1898 geminata,
1299 1835 1335 1882 ex

266 1919 329 1986 hac
356 1921 521 2003 scriptura:
556 1923 601 1989 ab
631 1923 837 1990 hominum
869 1921 1009 1988 oribus
1042 1919 1189 1988 facillime
1220 1923 1353 1988 eruitur

267 2046 387 2092 verum:
410 2045 493 2110 quae
515 2047 589 2093 non
611 2027 834 2094 abhorrent
856 2029 899 2094 ab
921 2029 1125 2096 hominum
1147 2027 1335 2106 auritus

266 2135 323 2201 hoo
345 2136 401 2212 est,
425 2153 493 2218 quae
515 2135 578 2200 illoc
601 2133 733 2201 libenter
755 2134 917 2217 accipiunt.

369 2299 448 2368 lbid.
471 2305 551 2369 236:
575 2304 669 2370 Nam
693 2304 724 2370 si
747 2301 807 2368 ito
830 2301 1004 2377 diceres,
1029 2302 1099 2385 qui
1120 2303 1222 2369 iuris
1249 2323 1334 2369 con·

268 2408 407 2474 soltus
430 2414 559 2486 esset,
583 2431 674 2478 esse
697 2431 780 2477 enm
805 2408 1238 2492 oratorem,'itemque
1266 2411 1334 2492 qui

268 2518 380 2581 esset
418 2521 572 2595 orator,
613 2517 719 2584 iuris
760 2514 929 2582 eundem
964 2533 1053 2580 esse
1085 2517 1332 2594 consultum,

268 2623 491 2705 praeoleras
515 2623 614 2690 duas
638 2626 751 2690 artes
773 2620 1056 2689 constitueres
1083 2623 1203 2704 etque
1234 2623 1337 2687 inter

269 2748 310 2796 se
341 2747 458 2812 peres
492 2730 530 2795 et
564 2731 743 2796 eiusdem
777 2729 911 2794 socias
943 2727 1184 2812 diguitatis.
1241 2727 1274 2792 Si
1304 2727 1337 2791 id

271 2835 398 2902 Crassus
420 2834 544 2912 diceret,
571 2837 652 2919 quod
674 2836 776 2914 verbe,
799 2836 835 2902 ut
854 2853 933 2899 nuno
955 2835 1139 2907 scribuntur,
1155 2832 1336 2917 significant,

268 2944 344 3008 iuris
361 2943 524 3026 prudentia
546 2942 640 3008 simul
664 2943 869 3024 eloquentiam
893 2941 1050 3019 contineri,
1070 2939 1248 3023 eloquentie
1261 2940 1339 3005 iuris

270 3047 475 3131 prudentiam,
499 3067 559 3113 non
583 3048 660 3114 dnus
683 3049 884 3115 constitueret
904 3050 995 3125 artes,
1013 3047 1113 3112 sedin
1129 3065 1222 3111 unum
1238 3049 1338 3111 omnia

272 3154 424 3229 confieret,
455 3154 538 3237 quod
562 3155 832 3220 vehementissime
854 3153 1018 3232 Antonius,
1047 3153 1100 3236 qui
1123 3154 1174 3219 hic
1194 3154 1338 3236 loquitur,

270 3259 426 3342 improbet
448 3261 539 3343 atque
562 3261 607 3327 sic
630 3261 777 3344 disputat,
805 3259 928 3327 etiamsi
950 3260 1099 3344 singulari
1121 3259 1239 3344 ingenii
1261 3279 1339 3344 pree·
1433 3295 1435 3299 -
1495 3315 1496 3322 ,

271 3368 388 3434 stantia
409 3367 521 3450 aliquis
543 3370 705 3452 utramque
728 3371 826 3434 ortem
849 3366 1097 3450 comprehendet,
1121 3366 1218 3431 nihilo
1234 3368 1338 3432 tomen

191 3505 192 3510 1
271 3475 375 3540 minus
398 3473 473 3538 duas
496 3492 550 3557 per
572 3493 604 3539 so
628 3493 704 3540 esse.
750 3473 893 3556 Corrupit
907 3475 1092 3540 sententiam
1108 3475 1235 3538 verbum
1254 3491 1340 3538 esse

271 3581 372 3663 priore
393 3580 470 3655 loco,
493 3581 545 3646 ubi
569 3579 601 3645 id
622 3579 689 3664 ipse
704 3579 779 3646 ordo
794 3581 827 3645 et
842 3580 962 3662 positus
978 3579 1083 3644 mendi
1098 3579 1201 3664 arguit
1217 3589 1270 3657 (—
1285 3578 1340 3644 de-

272 3687 365 3752 bebut
387 3686 470 3751 cuim
491 3688 597 3753 scribi:
623 3705 724 3765 eum,
745 3686 794 3752 vol
815 3687 918 3768 potins
941 3685 1122 3764 eundem,
1146 3704 1234 3751 esse
1257 3705 1340 3749 ora-

273 3793 400 3856 torem
424 3799 487 3870 -),
511 3812 565 3876 pro
590 3794 687 3858 altero
709 3812 802 3876 prave
825 3793 947 3858 illatum
970 3793 1018 3859 vel
1040 3793 1143 3874 potius
1165 3791 1205 3855 od
1232 3795 1341 3856 esset
1399 3807 1401 3812 ·

273 3898 556 3977 accommodatum
594 3897 699 3964 cicero
737 3899 819 3964 enim
858 3899 1038 3982 scripserat:
1081 3898 1174 3963 Nam
1212 3899 1244 3964 si
1282 3898 1343 3964 ite

274 4005 447 4078 diceres,
483 4005 551 4087 qui
574 4005 679 4071 iuris
710 4007 926 4071 consultus
949 4008 1073 4083 esset,
1106 4022 1228 4090 poss-e
1256 4024 1340 4070 eum

272 4115 490 4189 oratorem,
523 4112 701 4194 itemque
724 4111 791 4195 qui
814 4113 924 4177 esset
945 4112 1097 4187 orator,
1119 4109 1224 4176 iuris
1247 4130 1341 4175 eun·
