3008 4650
539 305 679 362 Ciceronis
699 306 847 362 orationes.
1125 308 1184 372 115

157 503 284 586 nem>
301 501 451 570 Veneri
473 503 671 588 absolvit,
693 505 774 571 sibi
796 507 1042 572 condemnat.
1066 505 1226 593 Significat

156 610 289 676 Dionem
322 630 342 675 a
371 611 479 677 Navio
512 611 691 677 accusatum
725 614 756 676 et
788 613 1012 679 absolutionem
1046 615 1177 697 pecunia
1208 635 1227 680 a

156 717 253 782 Verre
275 734 375 782 emere
398 717 542 782 coactum
563 736 639 782 esse.
837 719 843 732 ‘

257 848 337 912 ibid.
361 847 420 911 31:
451 847 485 911 si
507 865 598 912 vero
620 846 725 911 illud
749 865 904 932 quoque
926 849 1102 926 accedit,
1123 848 1226 912 utin

158 975 201 1021 ea
222 955 343 1022 verba
365 954 511 1036 praetor
533 952 730 1019 iudicium
755 954 839 1034 det,
855 955 1025 1022 utvelL.
1042 953 1226 1021 Octavius

157 1063 311 1129 Balbus
331 1060 450 1126 iudex
473 1105 606 1123 .....
630 1079 702 1126 non
726 1061 859 1144 possit
881 1061 1006 1128 aliter
1027 1062 1225 1138 iudicare;

158 1169 191 1234 si
213 1166 410 1234 iudicium
439 1165 495 1232 sit
524 1165 742 1232 eiusmodi:
773 1167 808 1232 L.
832 1168 1056 1236 Octavius.
1080 1212 1214 1232 ·····
1219 1213 1227 1240 2

158 1293 232 1340 nou
270 1291 435 1340 uacasse
474 1275 554 1339 erit
586 1276 645 1339 cet.
703 1275 842 1357 Apparet
863 1280 983 1343 serrato
1006 1277 1037 1340 iu
1067 1275 1226 1360 geminate

157 1380 308 1462 particula
336 1382 370 1446 si
400 1381 508 1446 ecdem
536 1380 623 1446 uerbi
651 1379 744 1446 modo
774 1381 970 1448 scribendum
992 1401 1075 1448 esse:
1096 1382 1142 1456 ,si
1163 1381 1226 1446 iu-

159 1487 308 1554 dicium
341 1489 373 1554 st
406 1488 620 1565 eiusmodi3
652 1487 790 1571 alioqu'in
822 1489 927 1554 Cicero
959 1489 1152 1571 scripsisset:
1185 1493 1227 1553 ut

156 1595 355 1661 iudicium
391 1593 448 1660 sit
483 1593 691 1664 eiusmodi.
755 1591 844 1660 Idem
880 1595 1027 1660 mendum
1063 1595 1224 1677 permultis

158 1702 235 1768 locis
257 1699 424 1776 correri.*)

151 1860 154 1866 ’
258 1834 1226 1928 lbid.·111‚65(donpr'ouio):ut‚quicumviveronemo

158 1967 340 2034 umquam
370 1948 450 2015 nisi
477 1949 612 2031 turpis
640 1947 902 2032 impurusque
931 1949 1150 2025 uoluisset,
1180 1947 1226 2014 ad

159 2058 245 2123 eius
274 2055 504 2123 convivium
532 2052 837 2139 spectatissimi
867 2056 988 2140 atque
1018 2055 1227 2121 honestis·

159 2163 253 2229 simi
275 2163 352 2228 viri
374 2163 624 2228 tenerentur.
674 2161 726 2227 Sic
755 2161 901 2228 Halmius
923 2181 939 2229 e
962 2163 1066 2228 codice
1088 2162 1163 2247 Lag.
1185 2162 1226 2225 42

161 2275 192 2337 et
220 2297 243 2358 ῳ
274 2269 479 2353 (Fabriciano)
508 2269 633 2352 scripsit
665 2286 720 2351 pro
753 2286 799 2348 eo,
822 2268 904 2353 quod
933 2273 1024 2336 autea
1053 2287 1089 2334 ex
1118 2269 1227 2336 ceteris

159 2377 322 2445 edebatur:
357 2391 522 2456 quocum
543 2376 647 2442 inire
676 2375 905 2442 conuiuium
927 2395 1047 2443 nemo.
1091 2377 1229 2459 Apparet

160 2503 226 2550 eam
249 2483 322 2550 vitoe
345 2484 532 2566 quotidianae
561 2481 815 2560 coniunctionem,
838 2501 905 2565 quae
930 2483 1128 2567 significetur,
1157 2501 1227 2548 curn

159 2592 261 2657 virere
284 2608 355 2656 cum
382 2588 481 2674 aliquo
511 2589 658 2668 dicamur,
689 2589 739 2653 hic
768 2607 786 2653 a
813 2588 956 2656 Cicerone
979 2589 1145 2674 significari
1167 2608 1228 2655 uon

160 2699 308 2781 potuisse,
332 2697 387 2763 sed
409 2716 481 2764 cum
502 2697 600 2779 ipsius
622 2692 753 2761 convivii
774 2696 920 2761 societate
946 2696 1116 2779 comparari
1137 2696 1227 2780 longe

160 2803 355 2870 humiliorem
388 2821 492 2868 eorum
525 2802 748 2878 condicionem,
784 2801 837 2887 qui
873 2802 1065 2886 spectatores
1096 2801 1226 2870 convivii
1277 2820 1280 2824 ·

158 2998 394 3007 --———-—-

215 3132 242 3199 *)
261 3129 331 3184 Ibid.
351 3129 386 3185 54
405 3131 496 3184 omnia
513 3137 588 3185 recte
607 3131 635 3184 iu
653 3129 758 3185 Baiteri
777 3137 806 3186 et
824 3130 939 3202 Kayseri
965 3135 1088 3204 exemplo
1106 3137 1147 3192 ita
1165 3139 1230 3193 scri-

262 3224 364 3278 buntur
391 3228 422 3277 ut
448 3223 477 3276 in
505 3224 617 3294 optimis
646 3224 785 3279 codicibus
812 3225 908 3296 (Lagg.
926 3225 961 3280 29
980 3233 1008 3282 et
1025 3227 1072 3295 42)
1100 3245 1116 3284 a
1142 3231 1232 3300 prima

264 3332 347 3370 manu
366 3321 394 3370 et
412 3315 440 3369 iu
459 3316 528 3383 eliis,
544 3317 597 3371 nisi
611 3317 684 3384 quod
697 3317 816 3372 editores
828 3319 919 3374 mendi
930 3326 1022 3375 notam
1036 3330 1232 3392 apposuerunt.

264 3409 358 3464 Cicero
387 3408 524 3477 significat
541 3409 664 3479 Verrem,
692 3418 802 3466 cautum
827 3412 973 3480 hominem,
999 3429 1034 3467 ne
1059 3414 1112 3468 sibi
1135 3416 1234 3483 praeda

263 3502 356 3569 eliquo'
385 3516 450 3556 casu
478 3519 497 3557 e
519 3519 602 3558 manu
630 3503 793 3573 elaberetur,
813 3506 907 3560 statim
931 3521 1050 3574 curasse,
1077 3513 1108 3561 ut
1125 3507 1231 3575 aliquid

261 3609 386 3665 praesens
405 3601 433 3650 et
450 3601 623 3651 numeratum
637 3595 761 3651 haberet.
802 3596 818 3667 ᾗ
836 3598 889 3652 176
907 3605 981 3653 recte
1003 3599 1145 3655 Ernestius
1163 3601 1232 3656 vidit

265 3687 439 3742 scribendum
456 3703 530 3744 esse:
558 3694 685 3744 tantum
711 3690 791 3744 mihi
817 3690 899 3746 licet
926 3692 1048 3761 dicere,
1073 3700 1229 3760 quantum

264 3777 364 3850 possim
376 3782 437 3850 (pro
450 3785 603 3850 possum),
622 3789 750 3836 tantum
763 3782 868 3838 iudici
881 3785 1059 3855 suspicari,
1073 3795 1229 3855 quantum
1254 3819 1257 3828 ι

262 3873 360 3942 velit,
379 3879 487 3929 servato
505 3875 534 3928 in
552 3875 680 3930 membris
698 3875 769 3931 inter
788 3892 817 3931 se
835 3877 930 3933 relatis
943 3878 1040 3934 eodem
1051 3881 1127 3935 verbi
1139 3882 1229 3940 modo.

263 3967 295 4020 In
319 3967 334 4036 ἓ
359 3967 409 4022 180
433 3966 659 4034 quemadmodum
684 3967 772 4022 oratio
799 3967 990 4038 distinguenda
1016 3979 1097 4041 esset,
1122 3973 1178 4030 dixi
1200 3976 1229 4032 in

175 4120 178 4124 ,
263 4059 316 4129 Ep.
340 4060 376 4115 ad
399 4061 480 4116 Orell.
503 4077 529 4130 p.
555 4061 598 4129 90,
626 4059 661 4115 ad
688 4077 769 4128 quem
797 4060 1008 4119 admonitionem
1026 4056 1060 4121 'si
1087 4066 1228 4138 Kayserus

264 4152 433 4221 attendisset,
451 4154 560 4209 inanem
579 4153 762 4223 suspicionem
780 4155 923 4212 omisisset.

996 4226 1066 4317 ,r
