3008 4654
462 303 522 358 Lib.
541 303 574 358 Il.
594 303 660 374 Cup.
680 305 725 359 VI.
761 305 928 360 Macrobius.
1129 307 1188 370 251

164 500 249 571 loeus
272 500 330 578 est,
352 500 408 568 sed
430 501 622 569 substantivo
642 502 823 588 genetivum
851 507 986 590 regenti3
1018 504 1231 570 scribendum:

162 611 270 679 (loures
303 606 448 675 deiude
481 608 763 692 navigationis
800 611 1015 696 naufragio
1053 628 1129 675 una
1166 629 1231 675 er-

164 715 321 798 pulsum
344 719 400 780 cel.

263 856 342 922 Ibid.
366 857 415 934 16,
446 856 503 920 20:
537 856 752 921 Sciendum
785 861 846 923 est
878 864 1010 924 tamen
1046 858 1231 944 eligendi

161 963 211 1028 ad
233 963 486 1048 pugnandum
509 963 609 1028 diem
628 961 815 1029 Romanis
838 968 934 1032 tuno
956 967 1084 1033 fuisse
1106 966 1232 1031 licen-

162 1070 278 1148 tiam,
312 1069 347 1133 si
375 1067 460 1152 ipsi
490 1070 695 1135 inferrent
726 1071 892 1149 bellum;
934 1075 974 1138 at
1006 1092 1089 1138 eum
1124 1073 1233 1138 exci-

165 1177 323 1258 perent,
356 1175 512 1241 nullum
544 1175 765 1244 obstitisse
800 1179 903 1244 diem
926 1183 983 1244 cet.
1038 1181 1108 1245 Non
1130 1179 1233 1265 agitur

163 1282 204 1348 de
225 1281 353 1348 licentia
375 1289 456 1365 (quae
478 1286 559 1348 recte
582 1285 719 1368 potestas
741 1285 919 1362 diceretur).
949 1287 1002 1351 sed
1025 1287 1062 1352 de
1085 1285 1233 1370 religione

167 1392 199 1455 et
225 1391 447 1455 obseruatione.
491 1388 710 1456 scribendum:
737 1393 833 1458 tuu’e
862 1393 992 1459 fuisse
1022 1393 1234 1476 diligentiam.

163 1495 284 1579 Saepius
318 1495 383 1560 haec
411 1496 504 1560 rerba
536 1497 720 1580 commutari
752 1500 784 1562 in
817 1499 973 1564 codicibus
1001 1500 1145 1564 annotavi
1170 1499 1233 1564 iam

162 1605 238 1668 ante
260 1604 328 1686 plus
350 1604 576 1688 quinquaginta
597 1623 693 1670 annos
711 1604 746 1669 in
772 1605 938 1688 appendice
957 1605 1063 1672 critica
1078 1625 1235 1671 commen·

162 1710 293 1775 tationis
317 1712 495 1776 Asconianae
518 1723 557 1795 p.·
571 1711 620 1774 29.
939 1722 942 1727 ·

267 1850 397 1942 Ibidll,
414 1851 443 1931 2,
461 1851 774 1930 2:10st'endebat
796 1852 1022 1918 Antiochus
1044 1853 1082 1918 iu
1106 1872 1236 1936 campo

163 1959 303 2042 copias
336 1957 540 2042 ingentes,
571 1977 667 2044 quas
700 1959 851 2024 bellum
884 1959 1029 2044 populo
1063 1959 1235 2028 Romano
1340 2025 1342 2034 ,

167 2065 351 2131 facturus
385 2068 707 2147 comparaverat,
741 2066 1090 2150 convertebatque
1124 2063 1237 2132 ener-

168 2171 292 2237 citum
314 2173 547 2256 insignibus
570 2171 779 2256 argenteis
801 2178 839 2238 et
861 2173 995 2239 aureis
1018 2173 1236 2239 florentem.

165 2277 274 2364 Neque
307 2281 545 2346 convertere
574 2283 623 2346 est
652 2280 809 2346 decurrere
839 2281 952 2360 iubere,
975 2299 1075 2364 neque
1099 2280 1138 2345 ad
1159 2279 1237 2345 hano

169 2403 235 2452 rem
256 2388 391 2468 pertinet
413 2387 478 2474 auri
500 2386 681 2472 argentique
710 2387 820 2471 fulgor.
870 2384 1071 2452 Scribendum
1102 2389 1235 2452 contue-

168 2491 351 2575 baiunque.
389 2493 533 2578 Sequitur
549 2493 640 2575 paulo
656 2497 740 2574 post:
764 2493 1113 2574 contemplat-ione
1134 2493 1236 2557 tanti

164 2600 207 2664 et
240 2604 318 2665 tam
351 2598 486 2666 ornati
518 2599 732 2668 exercitus.
781 2599 896 2664 Eadem
926 2597 1074 2665 correctio
1096 2595 1237 2664 facienda

167 2707 252 2791 apud
267 2707 411 2774 Gellium
434 2708 470 2784 V,
494 2709 523 2786 t,
546 2707 628 2772 unde
650 2705 827 2772 Macrobius
848 2704 914 2769 baec
936 2704 1116 2786 sumpsit.*)

465 2903 649 3024 Ammianus
671 2953 953 3033 Marcellinus-⁹⁸²²)

272 3125 337 3192 bib.
359 3125 444 3203 xlv,
461 3124 558 3202 6‚17:
592 3124 723 3206 thue
745 3123 978 3205 proeliorum
1002 3122 1130 3204 periti
1153 3141 1239 3188 rec-

161 3233 422 3314 ,toresprimo
439 3231 625 3296 cateruas
641 3231 785 3296 densas
808 3232 1013 3314 opponunt
1035 3231 1073 3294 et
1095 3229 1239 3305 fortes,

171 3440 405 3448 μ’...-

225 3591 252 3660 *)
269 3591 328 3654 nit.
347 3590 394 3657 vt
409 3587 438 3656 a,
456 3587 474 3642 2
490 3587 521 3652 ‚in
538 3585 637 3650 Lucilii
658 3585 780 3648 uersibus
788 3581 1027 3654 ,Epeseubordlius
1038 3529 1073 3638 ori
1085 3581 1107 3636 P
1119 3581 1240 3636 scribere

273 3684 401 3750 debebat,
419 3681 494 3751 eud
511 3678 673 3742 coniectura
691 3683 899 3740 annotaremus:
917 3691 982 3734 non
1000 3674 1085 3734 mele
1104 3672 1154 3742 sit3
1173 3673 1240 3742 ille,
1322 3723 1323 3726 ,

274 3784 310 3836 nt
337 3778 424 3844 dieo,
457 3791 505 3845 me
533 3778 711 3831 exenterat
738 3786 833 3838 uuus3
866 3785 929 3828 narn
955 3773 1137 3824 exenterat
1166 3773 1241 3822 recte
1339 3823 1341 3827 ,

211 3963 257 4033 **)
275 3871 469 4026 mmai
486 3960 639 4024 Mutetur
655 3959 749 4026 libros,
773 3959 802 4012 in
820 3957 925 4026 quibua
947 3954 1124 4018 mutunus
1148 3952 1241 4008 lauda-

275 4059 334 4118 lrilis
352 4062 455 4127 preater
473 4061 583 4118 eeteros
605 4053 697 4111 fuerat
722 4051 852 4119 accurati,
879 4049 993 4115 Galerii,
1020 4047 1121 4108 tlnbui
1149 4061 1241 4116 opera,

277 4152 328 4208 etsi
346 4151 453 4220 priores
470 4148 508 4206 illi
527 4147 581 4202 duo
601 4145 747 4214 interdum,
771 4150 801 4200 ut
826 4141 969 4197 lectionem
988 4140 1157 4207 adiuuarent,
1176 4155 1243 4194 non-
