3008 4654
327 285 388 348 272
690 286 752 340 Iub.
770 286 807 342 11.
825 287 890 356 Gap.
910 286 956 342 vt

285 503 368 550 rum
395 485 562 568 ignarus
590 484 713 550 etiam
741 489 821 550 tnm
845 484 1069 552 Gratianus
1098 482 1245 566 agebat
1273 482 1355 545 tum

276 589 388 672 apud
421 589 613 657 Treuiros
647 595 705 657 oet.
767 590 828 656 Pro
848 590 1072 658 adiuvante
1092 586 1235 656 coderV
1262 586 1356 652 babet

286 695 477 772 aduente,
499 694 532 760 in
553 715 613 780 quo
634 698 730 763 latere
752 699 874 764 ridetur
889 700 1038 776 amente,
1060 696 1119 763 boc
1139 696 1199 773 aet,
1220 695 1355 778 augente

274 805 319 867 et
339 801 531 868 incendente.
575 802 637 868 Sed
658 803 733 888 qnid
755 806 887 871 estsine
908 802 1101 870 adinrare
1122 800 1188 868 sine
1210 788 1355 866 acuere

286 926 349 974 res
381 909 626 991 temptandae
661 911 858 990 nouitati,
887 915 944 976 aut
971 908 1047 992 qnid
1068 907 1193 975 omnino
1214 906 1266 972 bio
1288 906 1356 988 agit

286 1031 415 1080 rerum
438 1015 645 1082 vocabulum?
687 1015 864 1082 Admodum
894 1015 1032 1100 suspicor
1061 1015 1212 1098 seriptum
1241 1013 1354 1078 fuisse:

284 1119 358 1186 boc
380 1122 624 1203 temptanda
644 1121 798 1190 lumbatis
819 1139 893 1209 apae
921 1122 1108 1201 acuente,
1138 1118 1198 1187 boe
1220 1123 1278 1196 est.
1300 1137 1355 1184 ex·

288 1226 513 1308 spectationem
536 1230 569 1294 et
590 1229 775 1313 opinionem,
797 1228 916 1314 aliquid
936 1229 1083 1296 nonetum
1106 1228 1153 1293 iri.

387 1413 454 1478 Lib.
477 1413 593 1494 XXXI,
616 1418 645 1495 4,
667 1375 698 1495 l,
721 1418 774 1484 nbi
788 1417 964 1484 Graecorum
978 1415 1017 1482 de
1032 1414 1143 1480 Xerxis
1161 1413 1356 1497 expeditione

285 1521 480 1586 narrationes
507 1521 590 1587 ultra
618 1522 709 1589 fidem
742 1526 934 1608 exaggerate
962 1522 1142 1601 irridentur,
1170 1519 1355 1606 significetis

287 1625 421 1690 breuiter
441 1626 637 1711 Hellesponti
668 1628 814 1702 transitu,
847 1630 930 1696 fossa
961 1629 999 1696 ad
1028 1627 1188 1695 Athonem
1216 1628 1355 1692 montem

284 1729 389 1804 ducta.
412 1732 564 1798 exereitus
585 1733 702 1800 Persici
724 1735 763 1800 ad
787 1735 947 1802 Doriscum
961 1734 1184 1812 numeratione,
1200 1751 1237 1799 ea
1251 1732 1356 1809 verba,
1453 1761 1456 1768 ·

286 1855 356 1920 quoe
378 1838 416 1902 ad
439 1840 552 1904 fossam
573 1841 605 1904 in
627 1840 750 1907 Athone
764 1843 930 1925 pertinent,
946 1843 1072 1907 isaacus
1089 1841 1217 1906 Vossius
1232 1837 1354 1922 pridem

286 1945 352 2009 tam
375 1945 497 2029 egregie
519 1945 705 2025 emendavit,
734 1947 858 2026 litteris,
887 1967 956 2032 qne
978 1947 1134 2013 distractae
1156 1947 1252 2023 erent.
1271 1947 1356 2010 recte

284 2049 456 2116 coniunctis
471 2053 504 2118 et
522 2071 577 2134 pro
598 2055 697 2118 mari
719 2056 862 2120 restituto
886 2073 1007 2132 mare,
1034 2071 1125 2137 quem
1145 2051 1357 2119 accusativum

279 2155 481 2240 participium
503 2157 715 2241 quaesitum
739 2161 901 2225 manifesto
923 2161 1084 2239 monstrat,
1108 2162 1144 2224 ut
1161 2161 1228 2226 iure
1243 2159 1356 2224 mirere

287 2279 384 2343 nuper
416 2281 470 2344 pro
503 2264 677 2331 certissima
706 2266 763 2332 hac
792 2269 823 2332 et
852 2267 944 2332 simul
966 2266 1116 2333 facillima
1137 2264 1355 2332 emendatione

287 2369 426 2434 monstra
459 2369 601 2454 quaedam
631 2391 650 2438 a
680 2373 820 2460 vestigiis
849 2374 988 2440 codicum
1011 2373 1103 2460 longe
1125 2371 1301 2438 recedentia
1324 2377 1357 2436 et
1488 2355 1489 2438 ἶ

275 2473 325 2537 ad
347 2493 412 2540 rem
436 2477 669 2561 significandam
691 2480 797 2562 inepta
819 2481 992 2564 excogitata
1013 2498 1090 2545 esee.
1125 2478 1233 2544 Priora
1252 2479 1356 2543 minus

287 2579 419 2646 feliciter
440 2582 524 2648 idem
545 2584 673 2650 Vossius
695 2585 850 2651 tenurit.
895 2586 975 2652 Nam
998 2587 1030 2650 iu
1052 2585 1165 2653 litteris
1188 2584 1357 2650 Helles·
1488 2583 1489 2636 l

276 2687 400 2768 ponti
423 2694 669 2774 occupantes
688 2692 794 2757 subest
816 2692 847 2756 et
867 2693 1034 2759 manifesto
1056 2692 1203 2777 emergit:
1225 2689 1353 2757 Helles·

284 2793 452 2876 pontianos
474 2797 605 2880 pontem
637 2817 708 2864 eum
740 2798 883 2864 librarius
916 2799 1108 2866 substitisset
1130 2800 1161 2864 in
1189 2797 1355 2863 Helles-

282 2900 399 2980 ponti
422 2903 579 2986 tamqnam
596 2903 685 2987 pleno
711 2904 867 2982 vocabulo,
888 2925 924 2970 ex
939 2905 1065 2984 litteris,
1081 2925 1149 2990 quae
1164 2907 1355 2987 supererant,
1488 2967 1489 3002 ἶ

285 3023 376 3070 aeos
398 3009 430 3072 et
451 3011 596 3092 pontes
616 3011 725 3077 netum
748 3011 796 3077 est
817 3011 983 3077 mirificum
1006 3010 1084 3077 illud
1107 3011 1354 3093 occupantes.
1488 3003 1489 3090 l

275 3109 441 3195 Superest,
463 3114 509 3192 ut,
539 3118 693 3195 restituta,
725 3136 793 3201 quae
825 3119 882 3183 sub
914 3118 1060 3184 dudum
1093 3120 1184 3195 latet,
1202 3117 1355 3200 particula
1488 3137 1489 3150 ¹

285 3217 370 3297 dum,
392 3220 492 3286 totam
520 3222 707 3288 sententiam
735 3224 780 3290 sio
808 3224 968 3292 decurrere
995 3224 1223 3309 intelligamus:
1253 3243 1353 3308 qna,
1488 3241 1489 3246 ’

243 3324 246 3331 ’
281 3325 372 3390 dum
387 3326 749 3410 Hellespontiacos
770 3331 916 3413 pontes
938 3334 977 3398 et
997 3329 1355 3415 discidioqnodam

284 3430 430 3497 fabrili
464 3450 570 3500 mare
603 3435 675 3501 sub
704 3436 782 3502 imo
804 3437 975 3504 Athonis
1008 3436 1107 3521 pede
1139 3438 1353 3521 quaesitum

284 3541 489 3621 exponunt
511 3540 552 3605 et
572 3543 782 3608 turmatim
803 3543 906 3625 apud
926 3543 1135 3610 Doriscum
1160 3544 1354 3610 exercitus

287 3646 534 3725 recensitos,
565 3647 839 3716 concordante
873 3649 980 3717 omni
1012 3651 1281 3732 posteritate,
1310 3654 1355 3717 ut

276 3748 480 3822 rabulose
502 3754 596 3818 sunt
617 3754 741 3820 lectae.

385 3889 465 3955 Ibid.
483 3891 584 3990 5312:
610 3893 781 3970 (Teutones
808 3897 840 3962 et
862 3894 993 3975 Cimbri)
1015 3895 1173 3964 ultimis
1194 3897 1355 3982 proeliis

279 3993 496 4074 perduces
519 3999 796 4082 amplissimos
818 4004 1019 4086 superati,
1042 4003 1138 4088 qnid
1165 4005 1356 4088 potestas

279 4098 435 4167 Martia
468 4102 512 4168 de
544 4103 689 4171 habitu
721 4107 946 4190 prudentiae
975 4111 1126 4192 valeat,
1149 4110 1357 4179 radicitus
