3008 4650
294 303 353 368 idi
656 303 717 358 [ab.
735 301 772 358 Π,
791 303 856 373 erp
875 301 912 358 11

250 501 410 582 tabant,
432 501 577 585 quibus
605 502 727 570 rebus
755 502 868 568 certe
897 501 979 584 ipsi
1007 498 1317 567 candidatorum

250 607 388 676 vultus
419 606 630 674 obscurior
661 607 697 673 oi
727 606 859 676 videri
885 607 1004 675 solet.
1047 602 1319 689 Interpolationem

250 713 342 782 huius
373 713 433 782 ioci
466 717 538 780 ante
571 713 689 780 multos
717 731 815 780 annos
841 713 975 798 coargui.
1022 713 1151 778 Remoto
1171 710 1319 776 vocabulo

251 821 406 902 vultus,
429 820 518 888 cuius
541 819 663 887 nullum
686 825 735 888 est
749 819 782 886 iu
798 818 955 887 codicibus
970 821 1147 904 vestigium,
1163 817 1318 902 quaritur,

251 925 510 1013 quemadmodum
534 945 570 993 ox
591 925 722 1012 reliquis
743 925 814 1008 apte
836 924 988 992 efficiatur
1008 945 1045 992 ea
1065 925 1229 1004 sententia,
1251 942 1320 1006 quae

251 1035 357 1118 aperte
389 1033 504 1112 subest,
533 1049 804 1110 nasamones,
833 1051 910 1118 quas
931 1032 1037 1098 Cicero
1058 1031 1239 1110 nominavit
1270 1033 1319 1096 in-

252 1139 333 1207 dicia
364 1157 431 1207 osse
463 1139 530 1224 spei
563 1140 601 1204 de
633 1156 775 1206 successu
802 1139 964 1222 petitionis
984 1137 1157 1207 imminmae
1178 1157 1214 1206 ac
1234 1157 1320 1222 paene

252 1244 383 1322 omisso,
406 1249 438 1314 et
458 1243 611 1312 efficiatur
639 1263 711 1310 oum
737 1244 843 1330 aliquo
873 1243 977 1330 lepore
999 1265 1035 1312 cc
1057 1246 1219 1313 vorborum
1240 1245 1320 1312 insu.

255 1353 290 1420 In
310 1371 347 1420 ea
375 1349 614 1437 investigatione
644 1369 734 1418 nemo
762 1351 905 1429 attendit,
939 1371 1032 1437 quam
1061 1369 1321 1436 supervacaneum

255 1463 286 1525 ct
308 1477 399 1548 prave
421 1455 556 1544 positum
578 1457 621 1523 sit
643 1456 823 1523 adverbium
843 1459 971 1532 certe,
1003 1459 1093 1542 quasi
1116 1461 1226 1544 praeter
1246 1458 1321 1524 alias

254 1583 302 1632 ros
323 1583 384 1632 una
406 1564 518 1632 salbon
541 1562 745 1632 animadverti
768 1564 898 1632 dicatur.
953 1564 1015 1632 Sed
1048 1566 1079 1631 in
1113 1566 1179 1632 illis
1210 1566 1322 1633 littoris

252 1671 330 1740 latet
361 1671 463 1761 ipsum
494 1669 575 1738 illud
608 1688 730 1751 nomon,
763 1671 845 1755 quod
870 1669 1027 1756 quaeritur.
1057 1691 1075 1737 a
1104 1692 1164 1758 quo
1191 1673 1322 1755 pendeat

253 1777 414 1866 genetivus
443 1775 768 1856 candidatorum,
797 1796 863 1846 rem
885 1797 955 1846 eam
977 1779 1144 1862 appellans,
1178 1799 1244 1864 quse
1267 1781 1322 1847 ob-

254 1885 371 1954 scurari
392 1883 541 1954 videatur.
585 1883 757 1970 Soripserat
778 1884 861 1951 onim
883 1883 1003 1952 Cicero:
1035 1885 1182 1969 quibus
1203 1886 1323 1951 rebus

254 1988 1323 2078 oretoipsaecandidatornmobscurioresviderisolent

253 2097 311 2176 taio
324 2116 379 2183 pro
394 2097 606 2166 obscurior
628 2095 664 2164 ei
687 2098 719 2164 et
740 2097 848 2165 solet
861 2099 1033 2182 complures
1048 2098 1192 2177 codicosb·
1216 2099 1323 2166 locans

254 2201 359 2272 Cicero
381 2203 607 2289 desperantium
632 2202 867 2273 candidatorum
888 2205 973 2287 ipsas
998 2210 1085 2292 togas
1106 2203 1253 2272 candidas
1268 2205 1323 2272 ob·

254 2311 369 2382 sonari
391 2309 555 2400 significat.
577 2328 632 2394 pro
655 2308 735 2396 togis
758 2312 894 2379 cretas
916 2311 1085 2390 nominans,
1096 2307 1214 2396 ¹quibus
1229 2312 1322 2390 iudei,

254 2421 289 2487 ut
303 2417 382 2488 albae
394 2417 534 2498 niterent,
551 2417 702 2486 solebant.
725 2417 775 2482 Ad
787 2437 878 2503 quam
892 2437 956 2484 rem
968 2419 1113 2501 pertinet,
1124 2417 1206 2510 quod
1216 2419 1324 2486 Livius

254 2525 306 2604 tv.
321 2525 361 2593 to
376 2525 501 2611 antiquo
515 2523 653 2610 tempore
669 2523 824 2592 sancitum
842 2527 955 2604 namet,
978 2543 1022 2590 ne
1045 2525 1109 2590 cni
1131 2526 1262 2592 album
1284 2525 1323 2590 in

254 2631 542 2702 vestimentum
575 2629 722 2697 addere
755 2630 976 2713 petitionis
1004 2631 1155 2698 liceret
1186 2650 1321 2702 causa.

254 2738 286 2807 et
313 2737 396 2824 apud
426 2737 564 2806 Persium
586 2735 624 2812 V.
658 2737 717 2800 177
747 2741 912 2806 cretatae
943 2737 1120 2806 ambitionis
1148 2739 1263 2805 montio
1292 2744 1325 2806 ot

254 2845 335 2931 apud
357 2845 458 2931 ipsum
481 2843 668 2923 Ciceronem,
692 2863 760 2929 qua
781 2863 836 2928 pro
851 2843 957 2912 Plano.
973 2845 1013 2910 85
1029 2843 1174 2912 dicuutur
1196 2844 1324 2922 deiude,

255 2949 308 3034 qni
330 2967 365 3016 ox
386 2949 485 3016 oreta
507 2951 631 3018 nomine
647 2949 719 3016 duci
734 2950 878 3032 potuerit.
908 2949 1005 3018 Video
1021 2951 1123 3034 Ieepio
1138 2952 1171 3018 in
1184 2954 1321 3018 mentem

255 3059 384 3136 ventsse,
413 3055 529 3140 requiri
554 3057 792 3135 substantivum,
821 3057 904 3141 qnod
932 3056 1037 3125 album
1066 3058 1197 3124 colorem
1227 3059 1324 3144 signi·

255 3161 378 3242 bsurde
415 3159 471 3230 sed
503 3161 534 3228 id
569 3162 649 3246 quod
683 3165 766 3230 esset
797 3168 829 3230 et
863 3163 916 3230 ubi
952 3162 1072 3236 lateret
1105 3183 1165 3231 non
1195 3165 1324 3233 invenit.

255 3266 424 3348 (Gundor
445 3267 578 3336 hominis
600 3267 640 3336 de
662 3267 731 3334 albo
753 3269 853 3335 colore
874 3288 935 3336 non
956 3269 1094 3346 dicitur.)

356 3385 435 3457 ibid.
458 3387 507 3468 il,
532 3385 585 3454 nbi
606 3387 713 3454 (icero
736 3388 859 3471 exponit
880 3385 1020 3454 homines
1045 3389 1154 3454 tenues
1177 3387 1215 3455 de
1234 3391 1325 3472 plebe

256 3495 333 3564 nibil
355 3495 478 3576 habore,
502 3493 584 3580 qnod
606 3492 781 3561 hominibus
811 3493 965 3561 nobilibus
993 3495 1195 3580 magistratus
1216 3497 1325 3579 peten-

255 3603 339 3671 tibus
360 3603 505 3686 praeotsre
520 3601 651 3686 possint
667 3603 780 3684 preter
794 3599 930 3667 officium
945 3601 1113 3667 comitandi
1127 3602 1325 3686 similemque

256 3725 390 3794 oporam,
412 3708 514 3784 verbs,
537 3709 660 3794 quaet
688 3707 762 3774 otim
786 3709 818 3773 et
838 3725 936 3792 nuper
956 3705 1128 3772 editoribus
1149 3706 1323 3775 molestiam

257 3815 485 3896 boeoeiverunt
516 3833 664 3899 perquam
692 3815 785 3880 buno
815 3811 961 3878 urendum
991 3815 1160 3892 buerunt,
1189 3813 1324 3899 alioquin

257 3941 381 4008 prorsus
400 3939 490 3990 coner
512 3919 553 3987 si
574 3919 681 3987 nihil
705 3919 785 3988 erit
805 3923 952 4004 prater
972 3921 1150 4004 ipsorum
1165 3921 1324 3999 (sieoodd.

257 4027 477 4114 tenpoplnres,
493 4043 553 4094 nou
576 4033 720 4104 eorum)
743 4025 1236 4112 suffragium,tenuoest;
1257 4027 1326 4094 sive

257 4131 360 4210 (codd.
382 4133 417 4200 ei
445 4135 500 4210 ut)
528 4133 831 4218 suffragantur,
863 4132 970 4198 nihil
1002 4133 1144 4199 vatent
1174 4135 1326 4218 gratim
