3008 4654
519 269 676 358 Ammianus
694 303 878 358 Marcellinus.
1130 302 1191 366 269

164 497 231 564 vel
253 497 528 566 machinationem.
578 501 672 566 Initio
702 500 841 568 vocabuli
862 500 1027 583 depravato
1049 519 1085 565 er
1106 499 1234 583 reliquis

165 603 281 669 litteris
303 605 446 670 effectum
468 607 517 671 cst
538 608 857 674 cavillationem.

268 744 346 809 ibid.
370 747 399 821 8,
423 747 459 811 b:
488 747 780 831 Hyperethium
797 794 809 834 ι.
833 794 840 810 .
864 794 870 810 .
895 793 902 808 .
925 746 1096 812 antehac
1125 746 1237 812 recte

165 850 396 916 castrensis
429 855 723 936 apparitorem,
757 855 796 919 id
821 854 892 932 est,
925 853 1083 928 ventris
1114 851 1237 916 mini·

168 956 295 1021 strum
318 961 356 1023 ct
377 960 572 1042 gutturis.
625 961 659 1026 In
687 962 800 1027 litteris
830 963 941 1026 recte
962 959 1139 1043 genetivum
1163 959 1237 1024 sub·

169 1063 296 1128 stantivi
312 1063 409 1130 latere
424 1066 500 1131 satis
515 1070 652 1149 apparet
669 1067 724 1132 sed
747 1087 844 1152 neque
866 1067 926 1132 rei
949 1083 1046 1150 neque
1069 1065 1238 1148 rectoris

168 1185 282 1233 nomen
315 1169 401 1236 illam
437 1171 606 1256 singularis
641 1173 769 1239 alicuius
810 1175 943 1240 muneris
979 1170 1237 1256 significationem

169 1272 274 1353 habet,
297 1275 346 1342 oui
360 1279 632 1345 accommodantur
648 1282 740 1347 verba
754 1279 958 1364 insequentia.
987 1277 1117 1343 Fuitne:
1134 1277 1240 1344 litata

168 1382 423 1448 castrensis?
456 1385 575 1452 Saltem
608 1387 806 1452 manifestum
844 1387 892 1451 est
928 1383 1095 1468 significari
1128 1402 1240 1448 munus

169 1505 243 1552 cum
265 1488 367 1554 culina
387 1489 584 1573 imperatoris
607 1491 816 1559 coniunctum.

279 1627 359 1693 lbid.
382 1629 454 1713 §14
474 1633 525 1708 (de
549 1633 697 1716 Procopio
719 1632 942 1715 expeditionem
954 1633 986 1694 in
998 1630 1162 1696 orientales
1173 1647 1245 1712 pro·

170 1731 289 1798 vincias
311 1739 466 1816 parante):
507 1757 600 1823 erga
635 1738 885 1804 alliciendas
914 1722 1104 1821 quasdam
1133 1733 1236 1799 civi·

170 1838 283 1903 tates
317 1841 422 1907 Asiae
454 1843 729 1930 legendosque
761 1843 931 1910 eruendi
967 1843 1124 1926 peritos
1156 1839 1243 1904 auri

171 1946 216 2008 ut
237 1947 319 2012 sibi
340 1949 577 2031 profuturos
598 1951 774 2034 proeliis,
804 1969 884 2035 qnae
908 1968 1050 2033 magna
1072 1965 1236 2030 exspec-

171 2053 290 2118 tabat
311 2054 350 2118 et
373 2055 526 2132 crebra,
544 2058 712 2141 segnius
734 2056 1004 2123 commoratus
1025 2055 1065 2119 in
1089 2052 1243 2118 modum
1291 2048 1294 2058 '

170 2159 286 2225 acuti
318 2163 520 2227 mucronis
544 2164 741 2230 obtunsus
764 2165 834 2230 cst.
878 2161 1030 2228 Pervelim
1060 2161 1148 2239 scire,
1171 2156 1246 2243 quid

176 2264 317 2332 homines
350 2269 415 2332 auri
445 2270 572 2335 emendi
601 2270 693 2353 periti
720 2271 752 2335 in
783 2269 897 2353 proeliis
925 2267 1046 2352 magnis
1069 2271 1101 2333 et
1121 2267 1245 2342 crebris,

173 2389 246 2454 quac
261 2372 426 2456 Procopius
441 2377 644 2458 exspectabat,
660 2376 812 2459 profuturi
828 2375 886 2442 visi
900 2376 971 2441 sint.
995 2374 1093 2438 Valde
1108 2373 1247 2454 suspicor

180 2478 326 2562 scriptum
349 2479 458 2569 fuisse:
485 2481 652 2546 eruendi
673 2483 829 2566 peritos
850 2481 958 2560 Tauri,
980 2485 1017 2544 ut
1038 2478 1249 2562 significentur

176 2585 329 2662 immines,
362 2587 413 2670 qui
446 2587 549 2652 lauces
577 2591 609 2652 ct
636 2590 782 2672 angustos
811 2590 931 2653 meatus
954 2587 1047 2652 'lauri
1068 2587 1195 2651 nossent
1216 2586 1249 2648 et

178 2693 356 2774 perreptare
379 2693 500 2759 scirent.

282 2843 514 2923 ibid.10‚10:
549 2845 644 2911 Nam
671 2847 780 2911 inter
808 2865 916 2911 arma
945 2845 983 2909 et
1005 2842 1134 2908 lituos
1156 2861 1248 2907 con·

179 2949 359 3016 -dicionis
383 2954 555 3036 aequatio
578 2953 735 3019 leviora
756 2951 859 3016 facit
880 2949 1080 3032 pericula,
1097 2949 1136 3014 ct
1152 2948 1244 3014 Mar·

179 3057 251 3122 tiae
273 3057 445 3125 virtutis
467 3061 653 3141 potestas
675 3059 744 3123 aut
765 3056 822 3134 iu,
845 3057 945 3139 quod
962 3075 1115 3132 ausum,
1139 3073 1252 3120 occu·

185 3167 269 3246 pat,
303 3167 371 3229 aut
403 3165 619 3248 inopinata
651 3183 771 3242 mors„
804 3165 837 3229 si
860 3163 1075 3242 acciderit,
1098 3162 1252 3226 nullum

162 3270 418 3354 ignominia
456 3273 640 3338 continet
676 3289 835 3336 sensum
873 3269 1078 3353 finemque
1121 3286 1252 3333 secum

182 3376 351 3442 vivendi
373 3377 494 3443 simul
517 3379 556 3443 et
579 3376 744 3444 dolendi
765 3375 962 3460 perducit.
1006 3375 1043 3439 In
1065 3375 1123 3438 hac
1141 3371 1252 3438 editio·

185 3501 262 3548 uum
292 3483 454 3566 scriptura,
484 3487 519 3550 ut
548 3486 690 3551 omittam
715 3485 860 3549 orationis
881 3481 1114 3563 perversitatem
1137 3479 1168 3543 in
1191 3478 1253 3544 illis

184 3589 246 3664 id,
269 3591 372 3672 quod
402 3611 554 3671 ausum,
583 3593 753 3673 occupat
774 3595 824 3665 (-
851 3606 921 3652 nam
945 3604 1044 3670 neque
1067 3587 1129 3651 est
1150 3584 1255 3650 omitti

184 3699 310 3780 poterat
339 3716 439 3781 neque
473 3716 609 3764 aueum
638 3698 700 3761 est
727 3693 846 3778 passive
877 3693 947 3769 dici,
978 3693 1037 3757 etsi
1058 3691 1254 3776 participium

184 3823 270 3887 sape
283 3822 337 3885 pro
349 3805 552 3882 substantivo,
564 3804 660 3868 rarius
670 3799 792 3886 propria
803 3799 834 3865 vl
846 3800 890 3865 sio
902 3798 1016 3864 dicitur
1030 3805 1089 3877 -),
1102 3796 1257 3862 sententia

186 3931 334 3998 perversa
348 3912 405 3990 est,
422 3909 565 3992 quoniam
580 3927 679 3993 neque
694 3909 732 3974 de
747 3905 921 3988 occupando
940 3922 1014 3970 auso
1036 3904 1139 3988 agitur
1160 3919 1257 3984 neque

191 4020 349 4100 inopinata
370 4035 453 4083 mors
473 4017 506 4081 in
528 4018 634 4099 proelio
656 4014 804 4099 appellari
826 4015 936 4095 potest.
988 4009 1048 4076 Sed
1078 4007 1257 4074 mendosam

187 4123 375 4205 scripturam
388 4123 464 4188 satis
475 4124 643 4207 coarguunt
653 4121 772 4186 codices
785 4119 912 4202 antiqui,
928 4117 979 4201 qui
989 4115 1132 4198 primum
1144 4112 1260 4178 babent
