<?xml version="1.0" encoding="UTF-8"?>
<!DOCTYPE html PUBLIC "-//W3C//DTD XHTML 1.0 Transitional//EN"
    "http://www.w3.org/TR/xhtml1/DTD/xhtml1-transitional.dtd">
<html xmlns="http://www.w3.org/1999/xhtml" xml:lang="en" lang="en">
 <head>
  <title>
</title>
<meta http-equiv="Content-Type" content="text/html;charset=utf-8" />
  <meta name='ocr-system' content='tesseract 3.04.00' />
  <meta name='ocr-capabilities' content='ocr_page ocr_carea ocr_par ocr_line ocrx_word'/>
</head>
<body>
  <div class='ocr_page' id='page_1' title='image "./adversariacriti04madvgoog_0204.png"; bbox 0 0 3012 4652; ppageno 0'>
   <div class='ocr_carea' id='block_1_1' title="bbox 564 302 1197 373">
    <p class='ocr_par' dir='ltr' id='par_1_1' title="bbox 564 302 1197 373">
     <span class='ocr_line' id='line_1_1' title="bbox 564 302 1197 373; baseline 0.013 -15"><span class='ocrx_word' id='word_1_1' title='bbox 564 303 706 361; x_wconf 77' lang='lat' dir='ltr'>Ciceronis</span> <span class='ocrx_word' id='word_1_2' title='bbox 721 302 853 373; x_wconf 82' lang='lat' dir='ltr'>epistoioe.</span> <span class='ocrx_word' id='word_1_3' title='bbox 1139 303 1197 366; x_wconf 74' lang='lat'>197</span> 
     </span>
    </p>
   </div>
   <div class='ocr_carea' id='block_1_2' title="bbox 2 487 1332 3572">
    <p class='ocr_par' dir='ltr' id='par_1_2' title="bbox 2 487 1332 3572">
     <span class='ocr_line' id='line_1_2' title="bbox 173 487 1239 583; baseline 0.002 -17"><span class='ocrx_word' id='word_1_4' title='bbox 173 517 271 582; x_wconf 87' lang='lat' dir='ltr'>neque</span> <span class='ocrx_word' id='word_1_5' title='bbox 307 501 454 583; x_wconf 77' lang='lat' dir='ltr'>epistolas</span> <span class='ocrx_word' id='word_1_6' title='bbox 487 501 589 568; x_wconf 83' lang='lat' dir='ltr'>Anioii</span> <span class='ocrx_word' id='word_1_7' title='bbox 616 501 654 580; x_wconf 89' lang='lat' dir='ltr'>Q.</span> <span class='ocrx_word' id='word_1_8' title='bbox 675 487 853 566; x_wconf 71' lang='lat' dir='ltr'><strong>Ciceronem</strong></span> <span class='ocrx_word' id='word_1_9' title='bbox 883 502 987 567; x_wconf 81' lang='lat' dir='ltr'>Marco</span> <span class='ocrx_word' id='word_1_10' title='bbox 1010 501 1042 566; x_wconf 93' lang='lat' dir='ltr'>in</span> <span class='ocrx_word' id='word_1_11' title='bbox 1064 501 1239 568; x_wconf 77' lang='lat' dir='ltr'>Tusculano</span> 
     </span>
     <span class='ocr_line' id='line_1_3' title="bbox 175 606 1237 691; baseline 0.002 -20"><span class='ocrx_word' id='word_1_12' title='bbox 175 606 278 672; x_wconf 84' lang='lat' dir='ltr'>Anicii</span> <span class='ocrx_word' id='word_1_13' title='bbox 306 609 478 674; x_wconf 80' lang='lat' dir='ltr'>ostendisse</span> <span class='ocrx_word' id='word_1_14' title='bbox 507 607 655 674; x_wconf 80' lang='lat' dir='ltr'>credibile</span> <span class='ocrx_word' id='word_1_15' title='bbox 684 610 746 684; x_wconf 86' lang='lat' dir='ltr'>eet;</span> <span class='ocrx_word' id='word_1_16' title='bbox 779 611 935 690; x_wconf 85' lang='lat' dir='ltr'>postremo</span> <span class='ocrx_word' id='word_1_17' title='bbox 957 607 1145 691; x_wconf 86' lang='lat' dir='ltr'>relinquitur</span> <span class='ocrx_word' id='word_1_18' title='bbox 1165 625 1237 690; x_wconf 85' lang='lat' dir='ltr'>pro·</span> 
     </span>
     <span class='ocr_line' id='line_1_4' title="bbox 175 712 1239 792; baseline 0 -15"><span class='ocrx_word' id='word_1_19' title='bbox 175 712 337 779; x_wconf 83' lang='lat' dir='ltr'>vissimum</span> <span class='ocrx_word' id='word_1_20' title='bbox 359 715 437 779; x_wconf 88' lang='lat' dir='ltr'>illud</span> <span class='ocrx_word' id='word_1_21' title='bbox 460 713 504 778; x_wconf 92' lang='lat' dir='ltr'>de</span> <span class='ocrx_word' id='word_1_22' title='bbox 526 731 566 779; x_wconf 90' lang='lat' dir='ltr'>se</span> <span class='ocrx_word' id='word_1_23' title='bbox 588 719 642 790; x_wconf 89' lang='lat'>(-</span> <span class='ocrx_word' id='word_1_24' title='bbox 665 714 796 780; x_wconf 80' lang='lat' dir='ltr'>debebat</span> <span class='ocrx_word' id='word_1_25' title='bbox 821 716 931 780; x_wconf 85' lang='lat' dir='ltr'>saltem</span> <span class='ocrx_word' id='word_1_26' title='bbox 956 733 1023 780; x_wconf 87' lang='lat' dir='ltr'>esse</span> <span class='ocrx_word' id='word_1_27' title='bbox 1046 714 1153 778; x_wconf 87' lang='lat' dir='ltr'>doen</span> <span class='ocrx_word' id='word_1_28' title='bbox 1176 721 1239 792; x_wconf 88' lang='lat'>-),</span> 
     </span>
     <span class='ocr_line' id='line_1_5' title="bbox 175 819 1239 905; baseline -0.002 -19"><span class='ocrx_word' id='word_1_29' title='bbox 175 821 254 903; x_wconf 87' lang='lat' dir='ltr'>qnod</span> <span class='ocrx_word' id='word_1_30' title='bbox 276 820 348 886; x_wconf 85' lang='lat' dir='ltr'>forti</span> <span class='ocrx_word' id='word_1_31' title='bbox 370 820 504 886; x_wconf 87' lang='lat' dir='ltr'>remedio</span> <span class='ocrx_word' id='word_1_32' title='bbox 527 839 622 905; x_wconf 83' lang='lat' dir='ltr'>nuper</span> <span class='ocrx_word' id='word_1_33' title='bbox 647 820 743 886; x_wconf 89' lang='lat' dir='ltr'>deleri</span> <span class='ocrx_word' id='word_1_34' title='bbox 763 821 894 888; x_wconf 77' lang='lat' dir='ltr'>editores</span> <span class='ocrx_word' id='word_1_35' title='bbox 917 821 1082 886; x_wconf 86' lang='lat' dir='ltr'>iusserunt.</span> <span class='ocrx_word' id='word_1_36' title='bbox 1126 820 1170 885; x_wconf 77' lang='lat' dir='ltr'>Ex</span> <span class='ocrx_word' id='word_1_37' title='bbox 1191 819 1239 898; x_wconf 87' lang='lat' dir='ltr'>iis,</span> 
     </span>
     <span class='ocr_line' id='line_1_6' title="bbox 151 926 1241 1013; baseline -0.003 -21"><span class='ocrx_word' id='word_1_38' title='bbox 151 946 242 1013; x_wconf 63' lang='lat' dir='ltr'>⁵quoe</span> <span class='ocrx_word' id='word_1_39' title='bbox 267 926 472 992; x_wconf 78' lang='lat' dir='ltr'>subiiciuntur</span> <span class='ocrx_word' id='word_1_40' title='bbox 493 928 531 992; x_wconf 88' lang='lat' dir='ltr'>de</span> <span class='ocrx_word' id='word_1_41' title='bbox 559 927 658 1005; x_wconf 88' lang='lat' dir='ltr'>vultu,</span> <span class='ocrx_word' id='word_1_42' title='bbox 681 945 830 1005; x_wconf 89' lang='lat' dir='ltr'>sermone,</span> <span class='ocrx_word' id='word_1_43' title='bbox 854 927 957 993; x_wconf 85' lang='lat' dir='ltr'>animo</span> <span class='ocrx_word' id='word_1_44' title='bbox 980 927 1092 1004; x_wconf 83' lang='lat' dir='ltr'>Anioii,</span> <span class='ocrx_word' id='word_1_45' title='bbox 1114 927 1241 1008; x_wconf 77' lang='lat' dir='ltr'>apponet</span> 
     </span>
     <span class='ocr_line' id='line_1_7' title="bbox 175 1031 1240 1100; baseline -0.006 0"><span class='ocrx_word' id='word_1_46' title='bbox 175 1034 350 1100; x_wconf 80' lang='lat' dir='ltr'>Ciceronem</span> <span class='ocrx_word' id='word_1_47' title='bbox 373 1034 490 1099; x_wconf 91' lang='lat' dir='ltr'>malum</span> <span class='ocrx_word' id='word_1_48' title='bbox 510 1036 542 1098; x_wconf 93' lang='lat' dir='ltr'>et</span> <span class='ocrx_word' id='word_1_49' title='bbox 562 1033 794 1099; x_wconf 86' lang='lat' dir='ltr'>fraudulentum</span> <span class='ocrx_word' id='word_1_50' title='bbox 822 1033 980 1100; x_wconf 90' lang='lat' dir='ltr'>hominem</span> <span class='ocrx_word' id='word_1_51' title='bbox 1002 1031 1103 1098; x_wconf 83' lang='lat' dir='ltr'>cereri</span> <span class='ocrx_word' id='word_1_52' title='bbox 1126 1032 1240 1096; x_wconf 88' lang='lat' dir='ltr'>iubere.</span> 
     </span>
     <span class='ocr_line' id='line_1_8' title="bbox 175 1136 1242 1224; baseline -0.003 -18"><span class='ocrx_word' id='word_1_53' title='bbox 175 1141 221 1206; x_wconf 78' lang='lat' dir='ltr'>Ex</span> <span class='ocrx_word' id='word_1_54' title='bbox 232 1140 372 1224; x_wconf 86' lang='lat' dir='ltr'>vestigiis</span> <span class='ocrx_word' id='word_1_55' title='bbox 384 1139 523 1206; x_wconf 82' lang='lat' dir='ltr'>codicum</span> <span class='ocrx_word' id='word_1_56' title='bbox 535 1139 666 1208; x_wconf 76' lang='lat' dir='ltr'>efficitur</span> <span class='ocrx_word' id='word_1_57' title='bbox 677 1140 794 1207; x_wconf 80' lang='lat' dir='ltr'>duabus</span> <span class='ocrx_word' id='word_1_58' title='bbox 807 1140 921 1206; x_wconf 87' lang='lat' dir='ltr'>litteris</span> <span class='ocrx_word' id='word_1_59' title='bbox 932 1141 1078 1206; x_wconf 76' lang='lat' dir='ltr'>mutetiez</span> <span class='ocrx_word' id='word_1_60' title='bbox 1094 1138 1138 1204; x_wconf 87' lang='lat' dir='ltr'>de</span> <span class='ocrx_word' id='word_1_61' title='bbox 1150 1136 1242 1204; x_wconf 81' lang='lat' dir='ltr'>sede·</span> 
     </span>
     <span class='ocr_line' id='line_1_9' title="bbox 176 1244 1243 1331; baseline -0.007 -17"><span class='ocrx_word' id='word_1_62' title='bbox 176 1247 257 1314; x_wconf 84' lang='lat' dir='ltr'>onlis</span> <span class='ocrx_word' id='word_1_63' title='bbox 279 1248 379 1326; x_wconf 88' lang='lat' dir='ltr'>illis,</span> <span class='ocrx_word' id='word_1_64' title='bbox 403 1267 498 1331; x_wconf 84' lang='lat' dir='ltr'>quus</span> <span class='ocrx_word' id='word_1_65' title='bbox 521 1246 802 1312; x_wconf 81' lang='lat' dir='ltr'>inTusouleno</span> <span class='ocrx_word' id='word_1_66' title='bbox 824 1246 911 1313; x_wconf 88' lang='lat' dir='ltr'>eius</span> <span class='ocrx_word' id='word_1_67' title='bbox 932 1249 974 1313; x_wconf 91' lang='lat' dir='ltr'>tu</span> <span class='ocrx_word' id='word_1_68' title='bbox 994 1245 1095 1312; x_wconf 91' lang='lat' dir='ltr'>mihi</span> <span class='ocrx_word' id='word_1_69' title='bbox 1112 1244 1243 1310; x_wconf 90' lang='lat' dir='ltr'>osten·</span> 
     </span>
     <span class='ocr_line' id='line_1_10' title="bbox 177 1351 1243 1439; baseline -0.005 -20"><span class='ocrx_word' id='word_1_70' title='bbox 177 1353 288 1419; x_wconf 81' lang='lat' dir='ltr'>disti.</span> <span class='ocrx_word' id='word_1_71' title='bbox 332 1355 499 1420; x_wconf 83' lang='lat' dir='ltr'>Sedeonlos</span> <span class='ocrx_word' id='word_1_72' title='bbox 521 1356 624 1439; x_wconf 84' lang='lat' dir='ltr'>alique</span> <span class='ocrx_word' id='word_1_73' title='bbox 644 1373 677 1419; x_wconf 89' lang='lat' dir='ltr'>re</span> <span class='ocrx_word' id='word_1_74' title='bbox 700 1353 854 1420; x_wconf 78' lang='lat' dir='ltr'>notabiles·</span> <span class='ocrx_word' id='word_1_75' title='bbox 866 1353 998 1433; x_wconf 78' lang='lat' dir='ltr'>Quintus</span> <span class='ocrx_word' id='word_1_76' title='bbox 1014 1353 1118 1418; x_wconf 83' lang='lat' dir='ltr'>Maron</span> <span class='ocrx_word' id='word_1_77' title='bbox 1140 1351 1243 1417; x_wconf 88' lang='lat' dir='ltr'>osten·</span> 
     </span>
     <span class='ocr_line' id='line_1_11' title="bbox 177 1458 1244 1544; baseline -0.006 -17"><span class='ocrx_word' id='word_1_78' title='bbox 177 1461 258 1527; x_wconf 84' lang='lat' dir='ltr'>disse</span> <span class='ocrx_word' id='word_1_79' title='bbox 290 1463 426 1543; x_wconf 80' lang='lat' dir='ltr'>poterut3</span> <span class='ocrx_word' id='word_1_80' title='bbox 464 1463 619 1544; x_wconf 84' lang='lat' dir='ltr'><strong>quodnam</strong></span> <span class='ocrx_word' id='word_1_81' title='bbox 653 1461 713 1524; x_wconf 86' lang='lat' dir='ltr'>illae</span> <span class='ocrx_word' id='word_1_82' title='bbox 747 1480 864 1525; x_wconf 87' lang='lat' dir='ltr'>morum</span> <span class='ocrx_word' id='word_1_83' title='bbox 901 1459 1001 1525; x_wconf 84' lang='lat' dir='ltr'>Anioii</span> <span class='ocrx_word' id='word_1_84' title='bbox 1032 1458 1179 1524; x_wconf 86' lang='lat' dir='ltr'>indicium</span> <span class='ocrx_word' id='word_1_85' title='bbox 1212 1458 1244 1522; x_wconf 91' lang='lat' dir='ltr'>et</span> 
     </span>
     <span class='ocr_line' id='line_1_12' title="bbox 176 1563 1242 1652; baseline -0.007 -18"><span class='ocrx_word' id='word_1_86' title='bbox 176 1568 341 1652; x_wconf 85' lang='lat' dir='ltr'>uestigium</span> <span class='ocrx_word' id='word_1_87' title='bbox 371 1569 542 1646; x_wconf 81' lang='lat' dir='ltr'>habuerint,</span> <span class='ocrx_word' id='word_1_88' title='bbox 572 1569 759 1652; x_wconf 83' lang='lat' dir='ltr'>ignoramus.</span> <span class='ocrx_word' id='word_1_89' title='bbox 817 1568 919 1632; x_wconf 90' lang='lat' dir='ltr'>Possit</span> <span class='ocrx_word' id='word_1_90' title='bbox 947 1566 1058 1648; x_wconf 84' lang='lat' dir='ltr'>aliquis</span> <span class='ocrx_word' id='word_1_91' title='bbox 1081 1567 1119 1630; x_wconf 88' lang='lat' dir='ltr'>de</span> <span class='ocrx_word' id='word_1_92' title='bbox 1140 1563 1242 1628; x_wconf 89' lang='lat' dir='ltr'>fidi·</span> 
     </span>
     <span class='ocr_line' id='line_1_13' title="bbox 176 1669 1332 1758; baseline -0.007 -18"><span class='ocrx_word' id='word_1_93' title='bbox 176 1676 278 1740; x_wconf 89' lang='lat' dir='ltr'>onlis</span> <span class='ocrx_word' id='word_1_94' title='bbox 301 1675 453 1758; x_wconf 79' lang='lat' dir='ltr'>eogitar03</span> <span class='ocrx_word' id='word_1_95' title='bbox 476 1675 530 1740; x_wconf 85' lang='lat' dir='ltr'>sed</span> <span class='ocrx_word' id='word_1_96' title='bbox 545 1673 674 1740; x_wconf 84' lang='lat' dir='ltr'>saevitiae</span> <span class='ocrx_word' id='word_1_97' title='bbox 688 1672 936 1758; x_wconf 71' lang='lat' dir='ltr'>significatioud</span> <span class='ocrx_word' id='word_1_98' title='bbox 952 1692 1045 1757; x_wconf 87' lang='lat' dir='ltr'>quum</span> <span class='ocrx_word' id='word_1_99' title='bbox 1061 1672 1124 1736; x_wconf 85' lang='lat' dir='ltr'>illae</span> <span class='ocrx_word' id='word_1_100' title='bbox 1145 1669 1242 1753; x_wconf 84' lang='lat' dir='ltr'>perti-</span> <span class='ocrx_word' id='word_1_101' title='bbox 1331 1747 1332 1754; x_wconf 6' lang='grc' dir='ltr'>ἵ</span> 
     </span>
     <span class='ocr_line' id='line_1_14' title="bbox 177 1782 1243 1864; baseline -0.008 -17"><span class='ocrx_word' id='word_1_102' title='bbox 177 1784 296 1859; x_wconf 91' lang='lat' dir='ltr'>nerent,</span> <span class='ocrx_word' id='word_1_103' title='bbox 318 1782 421 1847; x_wconf 87' lang='lat' dir='ltr'>minus</span> <span class='ocrx_word' id='word_1_104' title='bbox 444 1783 516 1864; x_wconf 84' lang='lat' dir='ltr'>apte</span> <span class='ocrx_word' id='word_1_105' title='bbox 537 1786 602 1859; x_wconf 86' lang='lat' dir='ltr'>est;</span> <span class='ocrx_word' id='word_1_106' title='bbox 633 1799 703 1846; x_wconf 84' lang='lat' dir='ltr'>num</span> <span class='ocrx_word' id='word_1_107' title='bbox 733 1783 812 1864; x_wconf 86' lang='lat' dir='ltr'>quud</span> <span class='ocrx_word' id='word_1_108' title='bbox 834 1801 946 1846; x_wconf 91' lang='lat' dir='ltr'>nomen</span> <span class='ocrx_word' id='word_1_109' title='bbox 969 1797 1049 1846; x_wconf 88' lang='lat' dir='ltr'>nuno</span> <span class='ocrx_word' id='word_1_110' title='bbox 1071 1797 1131 1843; x_wconf 90' lang='lat' dir='ltr'>non</span> <span class='ocrx_word' id='word_1_111' title='bbox 1154 1793 1243 1858; x_wconf 87' lang='lat' dir='ltr'>repe·</span> 
     </span>
     <span class='ocr_line' id='line_1_15' title="bbox 176 1884 1225 1971; baseline -0.007 -16"><span class='ocrx_word' id='word_1_112' title='bbox 176 1889 255 1955; x_wconf 86' lang='lat' dir='ltr'>nitur</span> <span class='ocrx_word' id='word_1_113' title='bbox 276 1893 350 1954; x_wconf 84' lang='lat' dir='ltr'>ente</span> <span class='ocrx_word' id='word_1_114' title='bbox 371 1889 528 1966; x_wconf 81' lang='lat' dir='ltr'>Senecam,</span> <span class='ocrx_word' id='word_1_115' title='bbox 555 1887 633 1953; x_wconf 89' lang='lat' dir='ltr'>nihil</span> <span class='ocrx_word' id='word_1_116' title='bbox 654 1888 687 1952; x_wconf 93' lang='lat' dir='ltr'>in</span> <span class='ocrx_word' id='word_1_117' title='bbox 709 1888 765 1953; x_wconf 86' lang='lat' dir='ltr'>teli</span> <span class='ocrx_word' id='word_1_118' title='bbox 787 1907 819 1952; x_wconf 84' lang='lat' dir='ltr'>re</span> <span class='ocrx_word' id='word_1_119' title='bbox 841 1887 936 1954; x_wconf 83' lang='lat' dir='ltr'>habet</span> <span class='ocrx_word' id='word_1_120' title='bbox 957 1884 1143 1971; x_wconf 82' lang='lat' dir='ltr'>argumenti.</span> <span class='ocrx_word' id='word_1_121' title='bbox 1223 1967 1225 1971; x_wconf 23' lang='grc' dir='ltr'>Ι</span> 
     </span>
     <span class='ocr_line' id='line_1_16' title="bbox 280 1990 1243 2079; baseline -0.007 -19"><span class='ocrx_word' id='word_1_122' title='bbox 280 1997 355 2062; x_wconf 88' lang='lat' dir='ltr'>ibid.</span> <span class='ocrx_word' id='word_1_123' title='bbox 379 1996 408 2068; x_wconf 84' lang='lat'>3,</span> <span class='ocrx_word' id='word_1_124' title='bbox 430 1997 466 2059; x_wconf 86' lang='lat'>3:</span> <span class='ocrx_word' id='word_1_125' title='bbox 501 2014 575 2079; x_wconf 89' lang='lat' dir='ltr'>quo</span> <span class='ocrx_word' id='word_1_126' title='bbox 607 1995 766 2079; x_wconf 86' lang='lat' dir='ltr'>quidem</span> <span class='ocrx_word' id='word_1_127' title='bbox 799 1995 837 2059; x_wconf 95' lang='lat' dir='ltr'>in</span> <span class='ocrx_word' id='word_1_128' title='bbox 869 1995 1024 2060; x_wconf 84' lang='lat' dir='ltr'>iudicio</span> <span class='ocrx_word' id='word_1_129' title='bbox 1057 1990 1243 2069; x_wconf 82' lang='lat' dir='ltr'>(maiestatis</span> 
     </span>
     <span class='ocr_line' id='line_1_17' title="bbox 179 2099 1245 2186; baseline -0.008 -16"><span class='ocrx_word' id='word_1_130' title='bbox 179 2103 340 2181; x_wconf 80' lang='lat' dir='ltr'>Gabinius)</span> <span class='ocrx_word' id='word_1_131' title='bbox 363 2101 448 2167; x_wconf 89' lang='lat' dir='ltr'>odio</span> <span class='ocrx_word' id='word_1_132' title='bbox 470 2102 659 2184; x_wconf 88' lang='lat' dir='ltr'>premitur</span> <span class='ocrx_word' id='word_1_133' title='bbox 681 2101 844 2166; x_wconf 92' lang='lat' dir='ltr'>omnium</span> <span class='ocrx_word' id='word_1_134' title='bbox 867 2119 1062 2186; x_wconf 80' lang='lat' dir='ltr'>generum,</span> <span class='ocrx_word' id='word_1_135' title='bbox 1087 2099 1245 2164; x_wconf 84' lang='lat' dir='ltr'>maxime</span> 
     </span>
     <span class='ocr_line' id='line_1_18' title="bbox 178 2203 1245 2292; baseline -0.006 -18"><span class='ocrx_word' id='word_1_136' title='bbox 178 2209 565 2285; x_wconf 84' lang='lat' dir='ltr'>testibnsoeeditur,</span> <span class='ocrx_word' id='word_1_137' title='bbox 603 2209 916 2275; x_wconf 79' lang='lat' dir='ltr'>accusatoribus</span> <span class='ocrx_word' id='word_1_138' title='bbox 952 2203 1245 2292; x_wconf 83' lang='lat' dir='ltr'>frigidissimis</span> 
     </span>
     <span class='ocr_line' id='line_1_19' title="bbox 178 2310 1246 2398; baseline -0.007 -16"><span class='ocrx_word' id='word_1_139' title='bbox 178 2317 322 2382; x_wconf 86' lang='lat' dir='ltr'>utitur.</span> <span class='ocrx_word' id='word_1_140' title='bbox 377 2317 406 2381; x_wconf 86' lang='lat' dir='ltr'>A</span> <span class='ocrx_word' id='word_1_141' title='bbox 427 2314 560 2381; x_wconf 85' lang='lat' dir='ltr'>testibus</span> <span class='ocrx_word' id='word_1_142' title='bbox 583 2314 747 2380; x_wconf 85' lang='lat' dir='ltr'>oonoidi</span> <span class='ocrx_word' id='word_1_143' title='bbox 769 2315 883 2398; x_wconf 84' lang='lat' dir='ltr'>aliquis</span> <span class='ocrx_word' id='word_1_144' title='bbox 904 2315 966 2380; x_wconf 90' lang='lat' dir='ltr'>dioi</span> <span class='ocrx_word' id='word_1_145' title='bbox 987 2314 1098 2397; x_wconf 80' lang='lat' dir='ltr'>potest,</span> <span class='ocrx_word' id='word_1_146' title='bbox 1121 2310 1246 2376; x_wconf 88' lang='lat' dir='ltr'>testi-</span> 
     </span>
     <span class='ocr_line' id='line_1_20' title="bbox 178 2417 1245 2498; baseline -0.008 -9"><span class='ocrx_word' id='word_1_147' title='bbox 178 2425 249 2489; x_wconf 83' lang='lat' dir='ltr'>bus</span> <span class='ocrx_word' id='word_1_148' title='bbox 273 2421 368 2497; x_wconf 81' lang='lat' dir='ltr'>coedi</span> <span class='ocrx_word' id='word_1_149' title='bbox 391 2421 616 2486; x_wconf 92' lang='lat' dir='ltr'>nihilomnino</span> <span class='ocrx_word' id='word_1_150' title='bbox 639 2420 700 2498; x_wconf 89' lang='lat' dir='ltr'>est;</span> <span class='ocrx_word' id='word_1_151' title='bbox 724 2421 918 2487; x_wconf 81' lang='lat' dir='ltr'>scribendum</span> <span class='ocrx_word' id='word_1_152' title='bbox 942 2420 1085 2487; x_wconf 79' lang='lat' dir='ltr'>lenitur.</span> <span class='ocrx_word' id='word_1_153' title='bbox 1130 2417 1245 2483; x_wconf 76' lang='lat' dir='ltr'>Confir-</span> 
     </span>
     <span class='ocr_line' id='line_1_21' title="bbox 179 2514 1248 2609; baseline -0.008 -14"><span class='ocrx_word' id='word_1_154' title='bbox 179 2519 245 2595; x_wconf 87' lang='lat' dir='ltr'>met</span> <span class='ocrx_word' id='word_1_155' title='bbox 277 2517 494 2607; x_wconf 84' lang='lat' dir='ltr'>oouieoturam,</span> <span class='ocrx_word' id='word_1_156' title='bbox 527 2529 552 2592; x_wconf 88' lang='lat' dir='ltr'>si</span> <span class='ocrx_word' id='word_1_157' title='bbox 586 2545 661 2609; x_wconf 86' lang='lat' dir='ltr'>opus</span> <span class='ocrx_word' id='word_1_158' title='bbox 693 2529 751 2606; x_wconf 87' lang='lat' dir='ltr'>est,</span> <span class='ocrx_word' id='word_1_159' title='bbox 784 2514 926 2592; x_wconf 83' lang='lat' dir='ltr'>additum</span> <span class='ocrx_word' id='word_1_160' title='bbox 959 2527 1141 2601; x_wconf 84' lang='lat' dir='ltr'>maxime;</span> <span class='ocrx_word' id='word_1_161' title='bbox 1175 2541 1248 2587; x_wconf 85' lang='lat' dir='ltr'>nem</span> 
     </span>
     <span class='ocr_line' id='line_1_22' title="bbox 179 2629 1246 2718; baseline -0.007 -18"><span class='ocrx_word' id='word_1_162' title='bbox 179 2637 260 2702; x_wconf 83' lang='lat' dir='ltr'>inter</span> <span class='ocrx_word' id='word_1_163' title='bbox 296 2638 398 2718; x_wconf 88' lang='lat' dir='ltr'>plures</span> <span class='ocrx_word' id='word_1_164' title='bbox 432 2653 491 2711; x_wconf 88' lang='lat' dir='ltr'>res,</span> <span class='ocrx_word' id='word_1_165' title='bbox 528 2652 595 2718; x_wconf 81' lang='lat' dir='ltr'>quoe</span> <span class='ocrx_word' id='word_1_166' title='bbox 631 2652 717 2698; x_wconf 91' lang='lat' dir='ltr'>reum</span> <span class='ocrx_word' id='word_1_167' title='bbox 749 2633 862 2698; x_wconf 84' lang='lat' dir='ltr'>loedere</span> <span class='ocrx_word' id='word_1_168' title='bbox 893 2634 1044 2715; x_wconf 86' lang='lat' dir='ltr'>poterunt,</span> <span class='ocrx_word' id='word_1_169' title='bbox 1080 2629 1246 2698; x_wconf 81' lang='lat' dir='ltr'>Gabinium</span> 
     </span>
     <span class='ocr_line' id='line_1_23' title="bbox 181 2735 1246 2822; baseline -0.007 -15"><span class='ocrx_word' id='word_1_170' title='bbox 181 2743 313 2807; x_wconf 84' lang='lat' dir='ltr'>maxime</span> <span class='ocrx_word' id='word_1_171' title='bbox 329 2745 425 2808; x_wconf 86' lang='lat' dir='ltr'>testes</span> <span class='ocrx_word' id='word_1_172' title='bbox 440 2740 604 2818; x_wconf 84' lang='lat' dir='ltr'>laedebunt,</span> <span class='ocrx_word' id='word_1_173' title='bbox 621 2759 679 2804; x_wconf 90' lang='lat' dir='ltr'>non</span> <span class='ocrx_word' id='word_1_174' title='bbox 696 2738 864 2806; x_wconf 71' lang='lat' dir='ltr'>uouebant.</span> <span class='ocrx_word' id='word_1_175' title='bbox 889 2775 891 2778; x_wconf 95' lang='lat'>·</span> <span class='ocrx_word' id='word_1_176' title='bbox 910 2739 1056 2822; x_wconf 78' lang='lat' dir='ltr'>Sequitur</span> <span class='ocrx_word' id='word_1_177' title='bbox 1078 2737 1116 2802; x_wconf 87' lang='lat' dir='ltr'>de</span> <span class='ocrx_word' id='word_1_178' title='bbox 1138 2735 1246 2802; x_wconf 83' lang='lat' dir='ltr'>eodem</span> 
     </span>
     <span class='ocr_line' id='line_1_24' title="bbox 181 2842 1247 2930; baseline -0.006 -16"><span class='ocrx_word' id='word_1_179' title='bbox 181 2848 307 2914; x_wconf 81' lang='lat' dir='ltr'>Gabinii</span> <span class='ocrx_word' id='word_1_180' title='bbox 328 2848 439 2916; x_wconf 90' lang='lat' dir='ltr'>iudioio</span> <span class='ocrx_word' id='word_1_181' title='bbox 457 2850 489 2912; x_wconf 89' lang='lat' dir='ltr'>et</span> <span class='ocrx_word' id='word_1_182' title='bbox 504 2847 654 2930; x_wconf 84' lang='lat' dir='ltr'>periculo:</span> <span class='ocrx_word' id='word_1_183' title='bbox 679 2846 860 2910; x_wconf 82' lang='lat' dir='ltr'>Animum</span> <span class='ocrx_word' id='word_1_184' title='bbox 882 2846 1037 2928; x_wconf 73' lang='lat' dir='ltr'>praebeo</span> <span class='ocrx_word' id='word_1_185' title='bbox 1059 2845 1106 2910; x_wconf 85' lang='lat' dir='ltr'>ud</span> <span class='ocrx_word' id='word_1_186' title='bbox 1127 2842 1247 2909; x_wconf 87' lang='lat' dir='ltr'>illins</span> 
     </span>
     <span class='ocr_line' id='line_1_25' title="bbox 182 2949 1248 3038; baseline -0.006 -18"><span class='ocrx_word' id='word_1_187' title='bbox 182 2957 404 3038; x_wconf 89' lang='lat' dir='ltr'>pernioiem</span> <span class='ocrx_word' id='word_1_188' title='bbox 428 2951 754 3030; x_wconf 72' lang='lat' dir='ltr'>moderarumod</span> <span class='ocrx_word' id='word_1_189' title='bbox 777 2954 1107 3017; x_wconf 86' lang='lat' dir='ltr'>rorumeuentum</span> <span class='ocrx_word' id='word_1_190' title='bbox 1124 2949 1248 3015; x_wconf 84' lang='lat' dir='ltr'>lenis-</span> 
     </span>
     <span class='ocr_line' id='line_1_26' title="bbox 182 3057 1247 3141; baseline -0.007 -14"><span class='ocrx_word' id='word_1_191' title='bbox 182 3063 331 3128; x_wconf 90' lang='lat' dir='ltr'>simum.</span> <span class='ocrx_word' id='word_1_192' title='bbox 386 3062 427 3127; x_wconf 80' lang='lat' dir='ltr'>Et</span> <span class='ocrx_word' id='word_1_193' title='bbox 458 3079 586 3126; x_wconf 91' lang='lat' dir='ltr'>rernm</span> <span class='ocrx_word' id='word_1_194' title='bbox 621 3061 747 3124; x_wconf 84' lang='lat' dir='ltr'>euentus</span> <span class='ocrx_word' id='word_1_195' title='bbox 777 3078 919 3141; x_wconf 85' lang='lat' dir='ltr'>peruerse</span> <span class='ocrx_word' id='word_1_196' title='bbox 947 3057 1062 3124; x_wconf 86' lang='lat' dir='ltr'>dieitur</span> <span class='ocrx_word' id='word_1_197' title='bbox 1089 3059 1126 3122; x_wconf 88' lang='lat' dir='ltr'>de</span> <span class='ocrx_word' id='word_1_198' title='bbox 1156 3057 1247 3122; x_wconf 88' lang='lat' dir='ltr'>nnius</span> 
     </span>
     <span class='ocr_line' id='line_1_27' title="bbox 2 3163 1298 3251; baseline -0.007 -16"><span class='ocrx_word' id='word_1_199' title='bbox 2 3191 3 3194; x_wconf 44' lang='lat'>¹</span> <span class='ocrx_word' id='word_1_200' title='bbox 99 3209 101 3213; x_wconf 93' lang='lat'>-</span> <span class='ocrx_word' id='word_1_201' title='bbox 181 3169 288 3235; x_wconf 90' lang='lat' dir='ltr'>iudioii</span> <span class='ocrx_word' id='word_1_202' title='bbox 311 3171 433 3244; x_wconf 89' lang='lat' dir='ltr'>eventu,</span> <span class='ocrx_word' id='word_1_203' title='bbox 456 3185 553 3251; x_wconf 89' lang='lat' dir='ltr'>neque</span> <span class='ocrx_word' id='word_1_204' title='bbox 576 3171 702 3231; x_wconf 85' lang='lat' dir='ltr'>eventus</span> <span class='ocrx_word' id='word_1_205' title='bbox 730 3185 785 3248; x_wconf 87' lang='lat' dir='ltr'>per</span> <span class='ocrx_word' id='word_1_206' title='bbox 806 3183 839 3231; x_wconf 90' lang='lat' dir='ltr'>se</span> <span class='ocrx_word' id='word_1_207' title='bbox 861 3166 1030 3231; x_wconf 77' lang='lat' dir='ltr'>contrarius</span> <span class='ocrx_word' id='word_1_208' title='bbox 1052 3163 1124 3246; x_wconf 88' lang='lat' dir='ltr'>poni</span> <span class='ocrx_word' id='word_1_209' title='bbox 1146 3164 1249 3246; x_wconf 86' lang='lat' dir='ltr'>potest</span> <span class='ocrx_word' id='word_1_210' title='bbox 1296 3167 1298 3172; x_wconf 71' lang='lat'>‘</span> 
     </span>
     <span class='ocr_line' id='line_1_28' title="bbox 182 3258 1249 3360; baseline -0.007 -20"><span class='ocrx_word' id='word_1_211' title='bbox 182 3275 338 3359; x_wconf 79' lang='lat' dir='ltr'>perniciei,</span> <span class='ocrx_word' id='word_1_212' title='bbox 362 3275 442 3360; x_wconf 87' lang='lat' dir='ltr'>quod</span> <span class='ocrx_word' id='word_1_213' title='bbox 465 3275 565 3356; x_wconf 90' lang='lat' dir='ltr'>ipsum</span> <span class='ocrx_word' id='word_1_214' title='bbox 592 3278 719 3338; x_wconf 87' lang='lat' dir='ltr'>eventus</span> <span class='ocrx_word' id='word_1_215' title='bbox 739 3277 856 3338; x_wconf 88' lang='lat' dir='ltr'>oertnm</span> <span class='ocrx_word' id='word_1_216' title='bbox 871 3291 967 3356; x_wconf 87' lang='lat' dir='ltr'>genus</span> <span class='ocrx_word' id='word_1_217' title='bbox 990 3277 1047 3337; x_wconf 82' lang='lat' dir='ltr'>est.</span> <span class='ocrx_word' id='word_1_218' title='bbox 1078 3258 1249 3352; x_wconf 78' lang='lat' dir='ltr'>¹Scriptum</span> 
     </span>
     <span class='ocr_line' id='line_1_29' title="bbox 182 3378 1250 3459; baseline -0.007 -13"><span class='ocrx_word' id='word_1_219' title='bbox 182 3382 283 3449; x_wconf 83' lang='lat' dir='ltr'>fueret</span> <span class='ocrx_word' id='word_1_220' title='bbox 305 3387 374 3449; x_wconf 89' lang='lat' dir='ltr'>eut:</span> <span class='ocrx_word' id='word_1_221' title='bbox 397 3382 442 3448; x_wconf 83' lang='lat' dir='ltr'>od</span> <span class='ocrx_word' id='word_1_222' title='bbox 464 3381 603 3448; x_wconf 82' lang='lat' dir='ltr'>atterum</span> <span class='ocrx_word' id='word_1_223' title='bbox 624 3384 808 3446; x_wconf 85' lang='lat' dir='ltr'>euentum</span> <span class='ocrx_word' id='word_1_224' title='bbox 830 3381 902 3444; x_wconf 86' lang='lat' dir='ltr'>eut:</span> <span class='ocrx_word' id='word_1_225' title='bbox 926 3378 973 3444; x_wconf 85' lang='lat' dir='ltr'>od</span> <span class='ocrx_word' id='word_1_226' title='bbox 995 3378 1102 3444; x_wconf 77' lang='lat' dir='ltr'>lutum</span> <span class='ocrx_word' id='word_1_227' title='bbox 1127 3394 1250 3459; x_wconf 81' lang='lat' dir='ltr'>euen-</span> 
     </span>
     <span class='ocr_line' id='line_1_30' title="bbox 183 3489 1200 3572; baseline -0.002 -18"><span class='ocrx_word' id='word_1_228' title='bbox 183 3495 290 3566; x_wconf 66' lang='lat' dir='ltr'>tum,</span> <span class='ocrx_word' id='word_1_229' title='bbox 306 3489 360 3556; x_wconf 89' lang='lat' dir='ltr'>sed</span> <span class='ocrx_word' id='word_1_230' title='bbox 383 3490 468 3572; x_wconf 85' lang='lat' dir='ltr'>prius</span> <span class='ocrx_word' id='word_1_231' title='bbox 488 3491 625 3572; x_wconf 78' lang='lat' dir='ltr'>prestat.</span> <span class='ocrx_word' id='word_1_232' title='bbox 1195 3503 1200 3512; x_wconf 88' lang='lat'><em>·</em></span> 
     </span>
    </p>
   </div>
   <div class='ocr_carea' id='block_1_3' title="bbox 92 3679 1313 3890">
    <p class='ocr_par' dir='ltr' id='par_1_3' title="bbox 92 3679 1313 3890">
     <span class='ocr_line' id='line_1_31' title="bbox 283 3679 1251 3781; baseline -0.017 -21"><span class='ocrx_word' id='word_1_233' title='bbox 283 3693 420 3781; x_wconf 80' lang='lat' dir='ltr'>Epistol.</span> <span class='ocrx_word' id='word_1_234' title='bbox 452 3689 495 3757; x_wconf 76' lang='lat' dir='ltr'>orl</span> <span class='ocrx_word' id='word_1_235' title='bbox 525 3688 659 3766; x_wconf 83' lang='lat' dir='ltr'>Brut.*)</span> <span class='ocrx_word' id='word_1_236' title='bbox 692 3688 716 3765; x_wconf 89' lang='lat' dir='ltr'>i,</span> <span class='ocrx_word' id='word_1_237' title='bbox 744 3687 772 3763; x_wconf 80' lang='lat'>2,</span> <span class='ocrx_word' id='word_1_238' title='bbox 800 3689 837 3750; x_wconf 83' lang='lat'>3:</span> <span class='ocrx_word' id='word_1_239' title='bbox 877 3684 986 3765; x_wconf 73' lang='lat' dir='ltr'>Quod</span> <span class='ocrx_word' id='word_1_240' title='bbox 1023 3683 1172 3749; x_wconf 89' lang='lat' dir='ltr'>soribis</span> <span class='ocrx_word' id='word_1_241' title='bbox 1205 3679 1251 3745; x_wconf 83' lang='lat' dir='ltr'>(ie</span> 
     </span>
     <span class='ocr_line' id='line_1_32' title="bbox 92 3787 1313 3890; baseline -0.014 -22"><span class='ocrx_word' id='word_1_242' title='bbox 92 3813 95 3818; x_wconf 83' lang='lat'>&#39;</span> <span class='ocrx_word' id='word_1_243' title='bbox 184 3800 403 3878; x_wconf 87' lang='lat' dir='ltr'>seditione,</span> <span class='ocrx_word' id='word_1_244' title='bbox 426 3817 507 3882; x_wconf 85' lang='lat' dir='ltr'>quae</span> <span class='ocrx_word' id='word_1_245' title='bbox 530 3795 640 3860; x_wconf 83' lang='lat' dir='ltr'>feote</span> <span class='ocrx_word' id='word_1_246' title='bbox 661 3795 725 3859; x_wconf 91' lang='lat' dir='ltr'>est</span> <span class='ocrx_word' id='word_1_247' title='bbox 755 3791 988 3876; x_wconf 87' lang='lat' dir='ltr'>in.logione</span> <span class='ocrx_word' id='word_1_248' title='bbox 1017 3793 1175 3874; x_wconf 83' lang='lat' dir='ltr'>quartu,</span> <span class='ocrx_word' id='word_1_249' title='bbox 1205 3787 1267 3890; x_wconf 86' lang='lat' dir='ltr'>de</span> <span class='ocrx_word' id='word_1_250' title='bbox 1311 3876 1313 3880; x_wconf 10' lang='grc' dir='ltr'><em>Α</em></span> 
     </span>
    </p>
   </div>
   <div class='ocr_carea' id='block_1_4' title="bbox 238 4062 1373 4230">
    <p class='ocr_par' dir='ltr' id='par_1_4' title="bbox 1 4062 1373 4611">
     <span class='ocr_line' id='line_1_33' title="bbox 238 4062 1252 4138; baseline -0.016 -9"><span class='ocrx_word' id='word_1_251' title='bbox 238 4074 265 4137; x_wconf 79' lang='lat' dir='ltr'>*t</span> <span class='ocrx_word' id='word_1_252' title='bbox 284 4073 387 4128; x_wconf 77' lang='lat' dir='ltr'>Contra</span> <span class='ocrx_word' id='word_1_253' title='bbox 415 4086 472 4138; x_wconf 88' lang='lat' dir='ltr'>eos,</span> <span class='ocrx_word' id='word_1_254' title='bbox 497 4069 544 4135; x_wconf 84' lang='lat' dir='ltr'>oui</span> <span class='ocrx_word' id='word_1_255' title='bbox 561 4069 613 4122; x_wconf 80' lang='lat' dir='ltr'>hoe</span> <span class='ocrx_word' id='word_1_256' title='bbox 632 4063 762 4134; x_wconf 74' lang='lat' dir='ltr'>epistolas</span> <span class='ocrx_word' id='word_1_257' title='bbox 786 4079 803 4118; x_wconf 86' lang='lat' dir='ltr'>e</span> <span class='ocrx_word' id='word_1_258' title='bbox 821 4062 952 4121; x_wconf 80' lang='lat' dir='ltr'>cicerone</span> <span class='ocrx_word' id='word_1_259' title='bbox 971 4062 1171 4129; x_wconf 78' lang='lat' dir='ltr'>abiudionrunt,</span> <span class='ocrx_word' id='word_1_260' title='bbox 1188 4064 1252 4130; x_wconf 83' lang='lat' dir='ltr'>post</span> 
     </span>
     <span class='ocr_line' id='line_1_34' title="bbox 286 4154 1373 4230; baseline -0.013 -10.739"><span class='ocrx_word' id='word_1_261' title='bbox 286 4166 314 4220; x_wconf 84' lang='lat' dir='ltr'>G.</span> <span class='ocrx_word' id='word_1_262' title='bbox 328 4167 358 4219; x_wconf 88' lang='lat' dir='ltr'>F.</span> <span class='ocrx_word' id='word_1_263' title='bbox 372 4165 557 4220; x_wconf 81' lang='lat' dir='ltr'>Hermennum</span> <span class='ocrx_word' id='word_1_264' title='bbox 576 4176 631 4216; x_wconf 87' lang='lat' dir='ltr'>non</span> <span class='ocrx_word' id='word_1_265' title='bbox 649 4164 691 4214; x_wconf 85' lang='lat' dir='ltr'>eet</span> <span class='ocrx_word' id='word_1_266' title='bbox 709 4172 780 4227; x_wconf 80' lang='lat' dir='ltr'>opus</span> <span class='ocrx_word' id='word_1_267' title='bbox 791 4156 934 4230; x_wconf 81' lang='lat' dir='ltr'>disputari,</span> <span class='ocrx_word' id='word_1_268' title='bbox 948 4171 1112 4228; x_wconf 79' lang='lat' dir='ltr'>quemquem</span> <span class='ocrx_word' id='word_1_269' title='bbox 1123 4158 1254 4225; x_wconf 80' lang='lat' dir='ltr'>poterunt</span> <span class='ocrx_word' id='word_1_270' title='bbox 1367 4154 1373 4167; x_wconf 84' lang='lat'><strong>‘</strong></span> 
     </span>
    </p>
   </div>
   <div class='ocr_carea' id='block_1_5' title="bbox 0 0 1527 4652">
    <p class='ocr_par' dir='ltr' id='par_1_5' title="bbox 0 0 1527 4652">
     <span class='ocr_line' id='line_1_35' title="bbox 0 0 1527 4652; baseline 0 0"><span class='ocrx_word' id='word_1_271' title='bbox 0 0 1527 4652; x_wconf 95' lang='lat' dir='ltr'> </span> 
     </span>
    </p>
   </div>
  </div>
 </body>
</html>
