2974 4660
313 273 355 334 44
677 271 738 326 Lib.
757 271 788 325 Ι.’
802 273 868 340 Cap.
885 269 937 324 111.

274 471 328 535 καί
353 471 596 553 περιστέλλειν,
619 477 675 534 ἵνα
697 470 750 534 καὶ
766 483 839 541 τοῖς
855 467 973 534 δοῦσιν
988 462 1032 540 τίς
1047 463 1340 553 εὐσχημονέστατα

273 579 437 661 ἐφαίνετο
472 578 526 643 καί
561 591 633 649 τοῖς
673 576 839 661 λαβοῦσιν
879 569 976 661 ῦμῑν,
1010 571 1105 660 άγεις
1139 578 1188 648 εἰς
1220 580 1338 659 μέσον,

275 678 452 758 δεικνῦεις,
465 686 619 769 ἐλέγχεις,
633 676 745 766 μόνον
765 675 827 749 οῦιι
840 676 1014 764 ὀνειδίζεις
1033 707 1061 746 κ.
1074 707 1102 748 τ.
1115 683 1144 747 λ.
1174 682 1289 766 Agitur
1304 686 1344 746 de

274 791 401 855 civitate
439 790 626 854 Atheniensi
662 790 847 856 accusatoris
883 789 964 873 patri
1000 791 1031 852 et
1067 787 1245 852 Phormioni
1279 805 1341 852 uon

272 896 505 962 honestissimas
527 896 566 960 ob
589 914 697 960 eausas
720 897 906 962 liberalitate
928 896 1034 978 populi
1050 895 1131 960 daia.
1168 893 1215 958 De
1230 893 1341 968 fructu,

274 1005 367 1085 quern
414 1021 448 1066 er
479 1001 582 1085 aliqua
627 1020 659 1066 re
692 1003 747 1067 aut
779 1022 815 1068 ax
846 1002 1034 1068 liberalitate
1067 999 1196 1066 alieuius
1228 999 1342 1080 capias,

274 1108 381 1174 Gnaeos
414 1103 604 1174 α’πολαιίειν
626 1109 659 1172 τί
681 1134 774 1182 τινος
789 1110 916 1187 diuitum
939 1106 1018 1190 quod
1035 1106 1092 1170 boo
1107 1104 1173 1172 loeo
1188 1106 1340 1182 scribitur,

274 1207 465 1279 ἀπολαύειν
487 1241 518 1280 τι
544 1210 597 1282 διιί
621 1241 724 1291 τινος,
754 1233 905 1297 nusquam
935 1214 1085 1296 reperitur
1113 1211 1250 1295 adeoque
1269 1211 1342 1276 usui

275 1320 417 1402 loquendi
439 1322 648 1405 perfrequeuti
669 1323 830 1406 repugnat,
853 1325 888 1385 ut
909 1320 1045 1386 tollenda
1064 1317 1250 1400 simpliciter
1263 1335 1343 1399 pra·

274 1427 387 1508 positio
423 1427 520 1492 rideri
555 1431 661 1510 possit.
721 1429 781 1494 Sed
815 1429 899 1511 origo
933 1427 1037 1492 ruendi
1073 1424 1282 1507 perspicietur,
1315 1424 1342 1487 si

273 1535 502 1617 seripserimus:
532 1531 555 1600 ὀί
577 1537 668 1620 ἰδίη
690 1537 751 1620 της
773 1527 903 1600 τοῦτον
925 1533 1055 1616 (popuii)
1078 1529 1342 1616 φιλανθρωπίας

275 1633 476 1715 άπολαῦοας
499 1638 617 1727 εὕρετο
641 1637 660 1708 ὀ
684 1638 741 1716 σάς
763 1635 886 1727 πατήρ.
937 1640 1107 1722 Aptissima
1133 1639 1289 1722 privatum
1310 1640 1344 1702 et

272 1748 431 1828 proprium
462 1749 594 1814 fructum
623 1768 659 1814 ex
687 1749 794 1831 populi
822 1747 969 1812 beneficio
991 1748 1023 1812 ot
1041 1735 1231 1812 'liberalitate
1253 1763 1343 1810 aceu-

274 1853 386 1918 satoris
410 1856 498 1934 puter
520 1857 552 1920 et
575 1856 716 1920 Phormio
738 1856 892 1936 accepisse
915 1854 1071 1919 dicuntur.
1114 1845 1200 1938 Ἰδίᾳ
1221 1854 1254 1917 in
1277 1845 1342 1917 δίᾶ

273 1977 292 2021 a
322 1957 457 2023 librariis
489 1961 712 2026 commutatum
746 1961 778 2024 iu
811 1958 950 2024 Platonis
983 1959 1200 2043 Eutbypbroue
1221 1957 1344 2023 ostendi

274 2062 352 2127 Adv.
375 2063 449 2129 erin.
472 2066 487 2130 I
508 2085 538 2147 p.
561 2065 631 2129 367.

374 2170 470 2246 XLII,
495 2175 527 2237 7:
559 2176 652 2247 τέλος
675 2167 716 2249 δ’,
740 2169 868 2258 ἵναμή
891 2172 1106 2259 μακρολογῶ,
1130 2166 1344 2258 καταστήσας

277 2273 461 2360 φυλάττειν
484 2281 582 2346 ἔνδον
604 2276 713 2356 τινάς,
738 2283 791 2346 καί
815 2277 858 2367 νη“
880 2274 932 2347 Δί’
947 2275 1106 2346 άπειπσίν
1122 2281 1176 2346 καὶ
1193 2275 1346 2352 κωλῦοας

277 2379 358 2457 τοῦς
390 2378 559 2470 ὀνηλάτας
587 2383 638 2474 ,πη
674 2381 804 2475 ἐξάγειν
837 2384 901 2473 τη“ν
931 2385 1017 2472 ῦλην
1048 2393 1082 2453 ἐκ
1105 2388 1166 2472 τῆς
1188 2389 1347 2474 ἐσχατιάς

277 2487 380 2576 (πρός
401 2491 467 2578 γάρ
489 2496 532 2582 τῇ
563 2493 649 2584 άλλη
674 2489 772 2580 οῦοίρι
797 2497 840 2586 τῇ
864 2497 1075 2569 Φαινίππου,
1099 2485 1123 2558 ὦ
1145 2491 1269 2581 ἄνδρες
1292 2495 1343 2560 δι-

280 2601 413 2674 κασταί,
438 2603 491 2666 καί
515 2599 605 2687 αῦτη
627 2595 796 2688 πρόσοδος
816 2596 950 2690 μεγάλη
973 2605 1064 2670 ἐστίν
1086 2596 1189 2691 αῦτςῦ·
1213 2597 1248 2679 ἓξ
1269 2599 1342 2668 ίίνοι

276 2699 318 2771 δι’
334 2709 493 2774 ἐνιαυτοῦ
508 2704 721 2797 ῦλαγωγοῦοι
746 2757 754 2774 .
772 2756 780 2772 .
799 2759 806 2775 .
824 2757 830 2774 .
849 2719 871 2785 .)
893 2705 1028 2783 τοῦτοις
1043 2703 1212 2784 α’πειπάν,
1229 2705 1343 2794 ιίίσπερ

276 2815 371 2901 λέγω,
405 2815 465 2898 τῆς
494 2813 579 2902 ῦλης
610 2811 661 2902 ,ειη
695 2813 883 2889 ἅπτεσθαι,
919 2818 972 2882 καί
997 2818 1200 2904 ἐπαγγείλας
1223 2818 1278 2882 ἐπί
1301 2811 1344 2881 τά

277 2915 349 3004 ἱερά
375 2915 557 3008 Φαινίππῳ
581 2919 664 2988 κιιτά
689 2919 751 2990 τόν
766 2918 876 3009 νόμον
892 2918 1065 3000 α’παντῦν,
1082 2919 1218 3012 ηίγόμην
1233 2917 1346 2989 άπιάν
1404 2955 1410 2964 ·
1476 2933 1477 2940 ’

277 3030 325 3100 εἰς
361 3025 457 3094 άστυ.
523 3031 656 3094 Pravunr
694 3048 760 3096 esse
796 3033 850 3097 καὶ
885 3025 1034 3105 καλέσας
1068 3032 1242 3106 ostendunt,
1276 3049 1347 3114 quaa

275 3134 355 3198 iufra
377 3137 407 3217 (ᾖ
432 3135 463 3213 9)
485 3135 641 3213 ἁλυκοῖσι,
678 3155 713 3202 er
744 3137 856 3219 quibus
889 3142 1015 3220 apparet
1046 3138 1250 3220 Phaeuippum
1284 3156 1345 3202 uuo

276 3241 453 3306 intermisso
476 3243 524 3307 die
546 3243 638 3328 ligna,
662 3247 697 3308 ut
719 3243 840 3318 soleret,
865 3264 900 3308 ex
922 3263 995 3328 agro
1018 3248 1207 3326 exportasse;
1238 3246 1342 3327 itaque

275 3349 312 3422 is,
334 3368 388 3430 pro
412 3366 472 3431 quo
485 3349 587 3414 orator
603 3349 688 3426 dicit,
704 3368 762 3415 nou
777 3351 990 3434 impediuerat,
1008 3353 1180 3434 quominus
1195 3367 1342 3434 agasones

276 3455 361 3538 ligna
384 3455 586 3536 exportarent,
614 3455 667 3519 sed
696 3455 845 3538 impedire
873 3458 1013 3522 voluerat
1042 3456 1136 3540 idque
1157 3457 1346 3540 praeeperat

276 3560 450 3627 hominibus
472 3580 490 3625 a
512 3579 545 3625 se
569 3562 601 3625 in
624 3564 763 3627 custodia
791 3563 919 3638 relictis,
952 3567 1044 3646 atque
1078 3563 1135 3628 boo
1164 3561 1346 3628 confirmant

277 3668 396 3733 codices
420 3667 540 3750 optimi,
563 3668 616 3750 qui
638 3669 786 3752 seriptum
809 3671 937 3736 habent:
967 3672 1020 3736 aot
1045 3666 1087 3754 νη
1111 3663 1164 3736 Δί’
1185 3662 1346 3734 άπειπάν

277 3774 422 3840 κωλῦσαι
446 3769 527 3849 τοῦς
548 3768 718 3860 ὀνηλάτας
746 3772 798 3862 κη’
829 3772 958 3864 ἐξάγειν
981 3803 1009 3842 κ.
1032 3803 1062 3842 τ.
1086 3780 1114 3840 λ.
1168 3776 1284 3841 Verum
1308 3774 1347 3838 de

275 3881 408 3946 iubendo
430 3875 593 3948 α’πειπεῑν
616 3885 699 3948 uullo
722 3886 811 3949 modo
835 3885 896 3951 diei
918 3886 1031 3967 potest.
1089 3882 1259 3964 scripserat
1280 3882 1346 3946 De-

276 3987 468 4054 mosthenes:
492 3991 546 4054 καί
570 3983 612 4074 κη’
636 3990 714 4056 Δία
738 3986 873 4056 εἰπάν
896 3992 1041 4058 κωλῦσαι
1064 3985 1147 4063 τοῦς
1163 3982 1344 4074 ὀνηλάτας.

276 4095 335 4159 Pro
367 4095 424 4161 boo
454 4091 562 4162 εἰπάν
591 4097 736 4163 κωλῦσαι
771 4097 880 4162 deinde
911 4098 983 4177 post
1018 4095 1216 4178 parenthesin
1250 4115 1346 4160 uuum
