3008 4650
331 281 389 345 m
693 281 947 352 mmmm

287 477 458 562 turpissimi
492 481 626 546 hominis
658 482 859 548 retineantur.
913 480 1032 564 ltaque,
1069 480 1130 545 nisi
1167 478 1354 544 deteriorum

286 585 426 652 codicum
469 587 654 671 scripturam
689 587 821 654 retinere
858 587 1016 653 malumus
1052 585 1287 668 ubertatemque
1322 586 1354 650 in

287 691 416 758 dnomm
448 694 635 778 optimorum
669 694 834 780 archetypo
868 697 986 777 putare,
1017 711 1053 757 er
1083 710 1187 757 eorum
1215 691 1355 776 vestigiis

286 798 479 866 efficiendum
501 802 565 867 est:
589 801 746 886 quicum
774 800 940 868 convivari
961 816 1069 865 nemo
1091 801 1150 864 cet.
1194 797 1355 865 Facillime

165 982 169 989 ⁸
286 925 369 973 error
390 906 465 974 oriri
487 911 609 991 poterat
630 925 666 973 ex
686 925 834 974 concursu
856 907 1043 993 syllabarum
1074 924 1156 972 cnm
1180 906 1213 970 et
1234 907 1354 982 con.*)

386 1047 467 1114 lbid.
480 1047 537 1151 813
561 1048 715 1114 statuit
736 1051 901 1114 senatus
924 1047 1013 1125 hoc,
1036 1064 1082 1112 ne
1105 1045 1175 1112 illi
1195 1046 1353 1129 quidem

286 1173 374 1220 esee
395 1151 573 1232 licitum,
601 1153 664 1219 cui
696 1157 956 1220 concesserat
984 1155 1130 1228 omnia,
1161 1171 1179 1217 a
1208 1151 1354 1236 populo

286 1261 483 1327 factarum
517 1261 857 1345 quaesitarumque
879 1280 1008 1326 rerum
1029 1278 1201 1326 summas
1222 1260 1354 1324 immi-

286 1386 415 1433 nuere.
455 1369 559 1434 ¹Rem
587 1367 720 1433 iacere
743 1366 781 1432 de
803 1367 923 1452 privato
944 1367 1069 1434 homine
1091 1366 1259 1432 familiares
1281 1384 1353 1450 opes

285 1475 346 1542 sibi
369 1476 493 1559 parente
515 1478 597 1540 recte
620 1475 652 1540 et
672 1475 788 1540 usitato
810 1473 941 1550 dicitur;
970 1492 1033 1540 res
1062 1473 1196 1540 iacere
1227 1471 1353 1557 (plurali

285 1581 427 1666 numero)
463 1585 516 1646 eut
552 1599 614 1646 res
647 1581 692 1647 ab
725 1581 861 1664 aliquo
895 1581 1013 1646 fecta
1047 1597 1197 1663 nusquam
1232 1578 1352 1656 dicitur,

284 1689 397 1755 nedum
430 1706 493 1754 res
526 1707 544 1753 a
578 1686 726 1770 populo
755 1685 883 1752 iactae.
934 1688 1048 1776 Agitur
1069 1687 1127 1753 hoc
1148 1687 1215 1752 loco
1237 1684 1277 1751 de
1298 1704 1352 1769 pe-

283 1795 392 1875 cuniis,
421 1813 488 1879 qnae
516 1813 553 1859 ex
582 1793 754 1860 licitatione
782 1795 815 1860 et
840 1793 1054 1876 redemptione
1076 1792 1191 1877 populo
1212 1811 1231 1858 a
1252 1793 1353 1876 publi-

284 1904 368 1970 canis
384 1901 544 1967 debenlur.
579 1900 737 1983 Scriptum
759 1901 855 1984 igitur
877 1902 992 1966 luerat:
1014 1900 1162 1984 populo
1184 1901 1352 1986 pactarum

284 2010 626 2094 quaesitarnmque
647 2025 788 2075 rerum.
834 2006 1015 2090 Praepositio
1038 2009 1105 2072 orta
1127 2007 1175 2072 est
1197 2026 1233 2072 ex
1254 2008 1352 2091 gemi-

284 2118 358 2182 nate
379 2116 492 2188 littera,
516 2131 584 2197 quae
605 2113 753 2195 precedit
776 2115 943 2192 (omnia).
994 2112 1148 2197 Populo
1169 2132 1219 2178 res
1241 2133 1258 2178 c
1281 2133 1351 2180 oen-

284 2221 404 2288 soribus
426 2221 524 2304 pactae
546 2219 745 2304 quaesitaeque
767 2221 864 2294 erant,
886 2239 946 2286 non
968 2239 987 2284 a
1007 2220 1164 2302 populo.

382 2363 462 2430 Ibid.
475 2361 531 2428 83:
555 2361 922 2446 Audistis‚quanti
945 2362 1352 2445 decumasaccoperit
1488 2405 1489 2408 ,

282 2493 301 2538 a
333 2472 496 2539 Docimo
518 2471 684 2551 civitas,
718 2470 856 2536 tritici
885 2469 1060 2536 modium
1090 2460 1118 2534 V
1147 2470 1187 2534 et
1211 2487 1349 2534 acces-

282 2579 445 2644 sionem.
479 2576 612 2644 Mirilica
634 2576 700 2644 haec
725 2580 772 2642 est
794 2576 906 2643 oratio:
929 2577 1070 2659 quanti
1096 2622 1201 2639 .....
1224 2575 1350 2641 millia

283 2686 321 2750 et
343 2683 627 2751 accessionem.
678 2684 864 2750 Acestenses
896 2683 1040 2749 decumas
1067 2702 1139 2750 suas
1168 2684 1352 2766 acceperunt

282 2792 353 2870 (hoc
385 2790 448 2856 est:
483 2790 609 2856 Docimo
644 2789 762 2856 enormi
794 2790 893 2872 pretio
929 2788 1068 2856 addictas
1104 2790 1164 2874 ipsi
1200 2789 1349 2855 redimere

282 2897 379 2966 coacti
401 2900 487 2973 sunt)
516 2895 652 2962 tritici
681 2897 856 2963 medinm
879 2887 908 2964 V
931 2899 970 2963 et
990 2898 1172 2965 accessione
1187 2896 1249 2970 (Hs
1265 2896 1349 2970 1111),

282 3023 375 3088 quam
411 3001 517 3068 tritico
548 3001 660 3068 Verres
697 3003 728 3068 in
767 3004 938 3070 addicendo
978 3003 1183 3086 ascripserat).
1246 3001 1348 3086 Atque

280 3109 361 3176 bano
383 3109 614 3186 correctionem,
642 3110 788 3196 quoniam
818 3111 882 3177 iam
911 3132 929 3178 a
959 3109 1108 3177 lambino
1135 3111 1168 3175 et
1189 3109 1349 3175 Schuetzio

282 3216 396 3281 factam
418 3215 519 3294 rideo,
542 3215 726 3296 omisissem,
749 3218 808 3284 nisi
831 3218 1036 3285 recentissimi
1063 3217 1197 3282 editores
1218 3215 1289 3281 iude
1311 3215 1348 3280 ab

281 3321 407 3389 Halmio
442 3321 539 3386 totius
572 3322 632 3387 loci
666 3325 853 3392 sententiam
886 3342 1009 3407 prorsus
1043 3323 1227 3389 evertissent
1261 3322 1348 3386 unius

280 3428 394 3496 codicis
428 3427 563 3514 alioquin
595 3447 669 3496 sane
702 3431 774 3497 boni
808 3433 895 3518 (Lag.
928 3432 981 3508 42)
1011 3431 1130 3510 ‘mendo
1152 3429 1348 3504 .(tantnn·

281 3538 377 3622 dem)
411 3555 464 3620 pro
496 3537 668 3602 ceterorum
697 3537 859 3605 verissima
889 3539 1040 3622 scriptura
1068 3535 1294 3614 (tantidem)
1316 3535 1347 3599 in

279 3642 449 3710 orationem
470 3641 604 3710 inducto.
655 3641 765 3711 Omnis
792 3647 836 3712 rei
867 3646 995 3729 agenda
1016 3644 1125 3711 modus
1148 3661 1202 3727 per
1223 3663 1257 3709 se
1279 3660 1347 3726 per·

331 3949 358 4024 *l
376 3956 392 4026 ᾗ
410 3953 446 4012 48
465 3960 568 4036 certum
587 3959 631 4009 est
648 3954 807 4009 mendosum
833 3969 893 4011 esse
920 3956 953 4009 in
980 3971 1092 4011 carrum
1121 3971 1232 4010 rerum
1260 3957 1347 4023 iure,

379 4045 428 4102 sed
447 4046 512 4113 quid
531 4049 581 4102 snb
609 4063 720 4103 rernm
747 4048 823 4103 inre
850 4047 944 4116 lateat,
973 4063 1027 4104 non
1047 4048 1169 4119 reperio.
1208 4049 1347 4114 (Earum

379 4137 524 4209 muneret)
