3008 4650
307 271 366 335 120
670 270 729 325 tib.
747 269 785 324 ΙΙ.
806 269 871 339 Cap.
889 268 926 323 IL

264 470 428 536 dicendum
471 472 538 535 erat
579 469 825 534 viderentur.
883 467 1059 550 Utrumque
1094 463 1263 548 (nostris
1299 463 1333 527 et
1436 485 1438 488 ·
1484 535 1485 548 χ

263 576 494 660 videantur)
521 577 589 642 tum
621 576 746 642 demum
772 574 846 640 ferri
874 575 979 656 potest
1005 574 1263 658 aptissimumque
1283 570 1328 642 dt.

263 685 290 748 si
311 683 478 766 separatim
510 683 626 767 aliquid
658 682 698 748 de
728 681 885 747 Ciceronis
915 681 1085 764 Qualibus
1114 680 1164 760 iis,
1194 698 1263 764 quae
1291 678 1332 744 de

264 789 405 874 Scipione
427 789 510 856 dieta
531 790 615 868 sunt,
644 787 833 871 adiungitur.
881 788 1083 872 Perspicuum
1103 785 1182 852 milri
1205 785 1329 852 ridetur

263 896 341 962 hanc
363 896 540 963 Ciceronem
566 894 721 961 scribendi
750 897 880 961 formam
910 897 1051 960 secutum
1081 913 1167 960 esse:
1190 939 1199 956 .
1222 939 1229 955 .
1253 939 1261 956 .
1284 893 1329 957 ad

263 1005 449 1070 ornatum
475 1003 659 1068 fanorum
687 1002 808 1085 atque
838 1001 1073 1086 oppidorum
1096 1018 1185 1066 esse
1211 1000 1329 1066 faeta.

265 1108 371 1192 <Vos
392 1107 542 1193 facita>
564 1109 608 1174 nt
630 1110 690 1174 cet
736 1104 868 1174 Omnem
897 1107 978 1173 hunc
1004 1107 1107 1173 locum
1128 1105 1235 1173 Cicero
1258 1125 1330 1172 con·

264 1215 363 1280 cludit
393 1215 510 1280 iudices
539 1215 726 1281 exhortando
756 1215 923 1306 adserere
945 1213 1124 1280 huiusmodi
1145 1231 1328 1279 monumen·

263 1327 366 1387 torum
387 1321 584 1387 violationem
604 1319 791 1404 puniendam
813 1326 845 1386 et
866 1319 1035 1405 exemplum
1062 1319 1239 1403 posteritati
1261 1339 1329 1403 pro·

265 1429 408 1496 dendum.
466 1428 513 1492 De
545 1429 612 1512 ipso
644 1426 860 1510 supplemento
893 1429 951 1493 hoe
983 1446 1080 1493 unum
1102 1426 1329 1504 affirmaverim,

263 1537 439 1602 aberratum
468 1553 534 1600 esse
563 1553 582 1599 a
608 1535 718 1601 facta
746 1534 786 1599 ad
813 1533 960 1611 facite;
982 1536 1111 1616 possunt
1132 1532 1216 1598 enim
1237 1533 1332 1616 paulo

264 1644 353 1726 plura
384 1641 533 1708 excidisse
560 1643 645 1708 velut
667 1643 785 1726 <Vos
818 1659 957 1707 severe
990 1639 1238 1706 vindicando
1270 1639 1330 1704 ia-

265 1748 388 1832 cite>
410 1752 464 1814 aut
485 1748 607 1815 similia.

364 1877 446 1945 lbid.
469 1879 507 1953 V,
531 1880 606 1944 119:
639 1881 771 1965 Atque
792 1879 873 1963 ipsi
895 1877 1017 1944 etiam
1048 1877 1333 1943 adolescentes

265 2002 349 2049 eum
370 1984 506 2050 Sextio
535 2004 604 2050 suo
626 1985 672 2050 de
695 1986 817 2070 plaga
837 1987 876 2051 et
898 1987 943 2051 de
963 2003 1039 2051 uno
1066 1983 1140 2051 illo
1162 1983 1249 2054 ictu
1270 1984 1332 2050 lo·

266 2091 491 2173 quebantur
511 2095 569 2158 cet.
613 2093 812 2176 ineptissimo
834 2091 866 2155 in
889 2091 1061 2159 miserabili
1083 2111 1116 2158 re
1139 2093 1172 2156 et
1193 2092 1327 2157 oratione

264 2196 331 2260 ioco
353 2205 436 2273 (nam
459 2198 545 2264 iocus
568 2217 634 2266 esse
649 2200 757 2277 debet)
773 2199 906 2265 carnifex
920 2199 1093 2282 appellatur
1108 2218 1214 2265 suus.
1253 2199 1330 2264 Scri-

266 2303 399 2368 bendum
422 2309 541 2389 aperte:
569 2323 630 2374 sua
657 2307 701 2372 de
730 2306 857 2391 plaga.
898 2305 1072 2371 Pronomen
1095 2307 1134 2371 nd
1156 2304 1332 2387 praecedens

265 2427 374 2474 nomen
397 2414 659 2479 accommodatum
682 2422 738 2480 est.

367 2543 445 2610 lbid.
471 2543 544 2607 186:
576 2546 712 2629 teque,
735 2544 948 2623 Hercules,
972 2563 1083 2627 quem
1106 2543 1187 2608 iste
1209 2543 1332 2626 Agri·

266 2651 381 2733 genti
404 2695 568 2714 ......
591 2651 823 2719 convellere
852 2671 895 2718 ex
916 2651 1001 2717 suis
1022 2645 1189 2717 sedibus
1210 2652 1333 2733 atque

266 2758 427 2823 auferre
460 2760 627 2824 conatus
650 2760 722 2824 est.
770 2759 971 2826 scribendum
1000 2776 1067 2825 esse
1098 2777 1141 2823 ex
1168 2758 1243 2836 tuis,
1270 2774 1332 2822 non

267 2861 380 2945 opinor
396 2865 587 2950 argumentis
609 2866 882 2934 demonstrandum
905 2885 981 2933 esse.

367 3006 429 3071 Pro
451 3006 583 3076 llonteio
606 3010 642 3071 5:
675 3007 847 3072 Duorum
875 3007 1206 3094 magistratuum,
1238 3024 1330 3089 quo-

266 3131 346 3175 rurn
370 3111 539 3195 uterque
561 3113 600 3177 in
621 3113 794 3195 pecunia
816 3116 983 3180 maxima
1009 3113 1224 3179 tractanda
1245 3130 1331 3197 pro·

267 3218 522 3301 curandaque
544 3224 731 3285 versatus
753 3224 833 3304 est„
860 3221 1147 3287 triumviratus
1169 3221 1209 3285 et
1230 3238 1332 3302 quae·

266 3330 402 3399 sturae,
426 3327 530 3392 ratio
553 3327 611 3392 sic
633 3325 1033 3403 redditur,·iudiees,
1058 3332 1100 3393 ut
1129 3326 1168 3392 in
1198 3327 1251 3392 iis
1273 3345 1333 3392 re·

267 3436 338 3498 leus
384 3480 578 3497 .......
616 3434 729 3500 nulla
764 3433 1025 3519 significatio
1064 3434 1182 3508 furti,
1220 3433 1337 3499 nulla

267 3539 444 3606 alicuius
467 3541 617 3608 delicti
639 3540 818 3625 suspicio
840 3541 1055 3608 referatur.
1090 3539 1237 3606 Rationes
1256 3542 1333 3606 bene

253 3651 299 3738 ‘et
320 3649 404 3712 recte
427 3647 531 3713 relatae
555 3648 700 3729 efficiunt,
724 3668 783 3714 non
805 3651 842 3714 ut
863 3633 947 3713 nulla
961 3647 1091 3733 suspicio
1112 3648 1330 3724 referatur,

265 3739 348 3836 pund
370 3754 441 3837 quid
464 3756 515 3835 sit,
538 3755 661 3822 omnino
684 3758 795 3834 nescio,
818 3755 873 3822 sed
894 3761 930 3822 ut
952 3757 1037 3822 nulla
1058 3754 1299 3840 reperiatur)

324 4026 350 4086 *J
369 4024 384 4093 ξ
403 4025 419 4076 2
438 4041 487 4094 pro
507 4042 548 4094 eo,
568 4027 641 4093 quod
661 4027 801 4081 scribitur:
830 4044 870 4084 an
897 4043 954 4082 vos
981 4027 1014 4082 in
1042 4043 1188 4084 errorem
1212 4027 1338 4083 ducere
1383 4005 1388 4013 ’

368 4117 464 4185 velit,
493 4119 638 4175 admodum
667 4120 793 4190 suspicor
821 4120 991 4176 scribendum
1019 4137 1079 4177 esse
1098 4118 1241 4186 inducere,
1260 4120 1335 4190 qnod
