2974 4660
628 307 793 363 Herodotus.
1162 309 1200 372 31

176 502 229 584 qni
262 521 355 569 navos
387 505 522 580 bellicos,
556 504 675 588 pedites
703 506 860 588 equitesve
881 504 1077 588 praebrrerint
1099 503 1246 582 alterum,

177 607 238 691 qui,
271 607 332 691 ipsi
365 610 524 696 pugnandi
557 613 708 696 expertes,
742 611 885 678 exercitui
915 630 985 676 eom
1013 611 1250 693 impedimentis-

174 714 413 798 transportando
435 718 614 787 necessarie.
668 718 777 801 ltaque
807 719 914 800 opinor
936 715 1135 783 scribendum
1157 735 1246 783 esee:¹

175 833 263 888 τοῖσι
285 821 320 888 δὲ
335 819 519 912 ίππαγωγοί
536 828 639 891 πλοῖα
652 827 738 907 <το
748 837 760 889 ῖ
768 851 787 890 σ
797 827 849 908 e>
861 825 1168 910 στρατευομένοισι.
1203 823 1251 887 Et¹

174 927 296 1010 poteret
327 943 413 996 τοῖσι
446 951 507 997 non
540 931 706 997 difficulter
740 932 877 998 excidere
913 932 985 1014 poet
1020 930 1142 995 litteras
1174 954 1241 996 οια,

176 1032 318 1100 Ceterum
340 1035 372 1100 in
395 1039 529 1103 extremo
551 1039 688 1103 membro
710 1039 742 1102 et
757 1038 910 1122 postremo
928 1055 1040 1121 genere
1056 1054 1171 1114 eorum,
1188 1035 1246 1118 qui

175 1141 323 1206 exercitui
344 1142 516 1209 necessaris
538 1145 733 1238 praebuerint,
756 1144 833 1209 miro
856 1143 1084 1227 coniunguntur
1106 1138 1181 1208 σιτοί
1204 1167 1240 1208 τε

177 1247 232 1313 καί
255 1253 338 1322 νέες.
359 1268 408 1315 res
433 1249 515 1314 inter
529 1269 563 1315 eo
578 1250 729 1316 distentos
747 1252 779 1314 et
794 1249 948 1328 diiuootae,
975 1268 1044 1315 oum
1070 1249 1244 1330 praesertim

176 1360 248 1427 νέες
269 1357 367 1440 magis
388 1356 428 1422 ed
450 1355 579 1422 classem
604 1358 701 1438 ipsam
727 1358 931 1441 pugnantium
953 1354 1128 1438 pertineant
1143 1364 1195 1436 t—
1208 1356 1241 1421 in

125 1477 128 1482 “
174 1459 317 1542 pontibus
332 1463 414 1526 enim
429 1463 583 1528 struendis
597 1466 721 1545 propter
736 1462 921 1546 singularem
938 1481 1028 1526 usum
1045 1461 1243 1527 nominantur

173 1564 292 1631 odieoto
312 1571 517 1654 μαιραι’-),
538 1569 590 1636 hio
612 1569 713 1651 potius
735 1571 837 1634 πλοῖα
862 1570 1087 1649 exspectentur.
1117 1569 1246 1648 Vereorr

173 1689 212 1736 ne
234 1671 280 1737 ob'
293 1672 447 1740 Herodoto
469 1674 553 1739 aliud
576 1693 684 1740 nomen
708 1676 843 1757 positum
864 1671 957 1739 fuerit
978 1691 1044 1736 rem
1066 1692 1136 1738 cum
1157 1676 1241 1740 oibe·

172 1778 227 1842 riis
248 1779 441 1878 oopinnotam
464 1779 652 1864 significans,
676 1782 731 1846 sed
753 1782 829 1846 certi
850 1778 930 1845 nihil
952 1779 1077 1861 reperio.

274 1920 350 1986 lbid.
366 1920 441 1986 127:
463 1922 578 1987 τῶνδὲ
591 1924 869 2007 καταλεχθέντων
881 1917 1009 1986 τούτων
1022 1921 1189 2001 ποταμῶν
1205 1926 1240 1985 ἐκ

173 2027 426 2110 Κρηστωναίων
441 2032 524 2113 ῥέων
540 2025 738 2116 Ἐχείδωρος
759 2029 889 2114 μοῦνος
911 2022 972 2093 orire
995 2020 1175 2112 α’ντίχρησε
1197 2029 1245 2114 τῇ

174 2135 314 2222 στρατιῇ
336 2127 536 2219 πινόμενος,
559 2129 632 2201 ἄλλ’
654 2139 802 2205 ἐπίλιπε.
847 2135 945 2200 Valde
975 2151 1088 2211 vertor,
1111 2152 1148 2197 ne
1170 2152 1239 2198 ver-

174 2238 245 2302 bum
269 2232 439 2327 α’ντιχρᾶν,
462 2242 544 2324 quod
565 2261 620 2325 pro
644 2262 688 2319 eo,
707 2239 789 2325 qnod
805 2239 1016 2318 ostentione,
1033 2239 1143 2321 praeter
1159 2240 1242 2304 huno

171 2344 274 2409 looum
297 2346 377 2412 inira
399 2349 494 2414 etiem
517 2367 582 2432 esp.
600 2349 659 2412 187
676 2349 810 2432 ponitur,
829 2365 930 2412 errore
952 2345 1116 2411 conflatum
1139 2345 1182 2410 sit
1203 2364 1242 2410 ex

174 2449 341 2517 alteroutro
375 2454 504 2520 duorum
538 2455 630 2520 huius
662 2452 896 2539 significationis
928 2453 1135 2535 propriorum
1169 2470 1243 2516 nam

173 2557 228 2621 out
249 2550 463 2647 α’τιέχρησε
487 2560 650 2626 dicendum
674 2560 794 2625 videtur
814 2559 909 2624 fuisse
931 2561 987 2625 aut
1008 2552 1192 2644 σίντὲσχε.

275 2699 351 2765 ibid.
376 2703 448 2766 145:
475 2693 563 2784 ἦσαν
586 2701 620 2767 δὲ
643 2696 728 2787 πρός
743 2724 840 2773 τινας
855 2703 908 2766 καί
926 2697 1051 2772 σίλλους
1066 2694 1242 2784 (πόλεμοι)

174 2812 423 2893 ἐγκεχρημένοι,
461 2801 479 2872 o‘
520 2807 553 2874 dr
587 2798 634 2876 σίν
666 2810 824 2895 μέγιστος
855 2799 1080 2890 Ἀθηναίοισί
1111 2832 1146 2871 τε
1185 2808 1242 2873 καί

173 2907 392 3001 Αἰγινήτῃσι.
452 2915 540 2980 Nihil
575 2914 637 2980 looi
672 2914 724 2981 hio
758 2914 871 2980 hebere
907 2915 1043 2989 verbum,
1082 2912 1165 2998 quod
1193 2914 1247 2979 eet

173 3019 367 3106 ἐγχρῆσθαι,
400 3022 482 3086 reete
515 3021 657 3087 Reielrirrs
691 3020 862 3098 intellexit3
894 3017 949 3086 sed
978 3039 1047 3104 quae
1068 3019 1243 3095 substituit,

172 3126 275 3191 minus
288 3127 460 3210 probabilis
474 3132 558 3203 sunt;
574 3130 681 3212 opinor
696 3128 847 3212 seriptum
861 3126 956 3193 fuisse
976 3134 1072 3214 ἐνηρ
1078 3153 1133 3213 γμ
1143 3134 1207 3194 ton
1219 3154 1241 3206 ι,

172 3231 211 3296 de
232 3233 323 3298 bellis
346 3232 454 3315 ooeptis
478 3237 509 3298 et
530 3237 689 3319 susceptis.

272 3372 351 3442 ibid.
375 3373 451 3437 170:
485 3369 568 3438 ὥστε
602 3369 705 3458 φόνος
735 3369 938 3462 Ἑλληνικός
959 3379 1118 3463 μέγιστος
1140 3362 1244 3446 οὗτος

173 3475 215 3565 δὴ
238 3483 368 3566 ἐγένετο
393 3473 534 3545 ποίντων
556 3481 624 3545 ταῖν
646 3473 747 3563 ἡμεῖς
769 3481 880 3566 ἴδμεν,
903 3474 1016 3548 αιίτων
1038 3508 1074 3546 τε
1103 3481 1239 3562 Ταραν-

172 3587 276 3653 τίνων
316 3588 371 3654 ιιαί
402 3582 592 3675 Ῥηγίνων,
631 3593 666 3652 οἳ
699 3581 768 3653 ὑπὸ
807 3583 974 3654 Μικύθου
1009 3589 1070 3653 τοὺ
1103 3585 1244 3669 Χοίρου

173 3686 441 3781 α’ναμιιαζόμενοι
486 3695 553 3760 τῶν
596 3685 710 3761 α’στοῖν
752 3695 805 3759 ιιοί
850 3687 1054 3779 α’πιιιόμενοι
1098 3697 1240 3778 τιμωροί

179 3803 418 3886 Ταραντίνοισι
441 3794 624 3867 α’πέθανον
645 3802 817 3888 τρισχίλιοι
840 3797 940 3868 οὕτω.
968 3795 1082 3868 advos
1106 3801 1140 3866 di
1168 3803 1241 3867 Τα-

174 3909 341 3993 ραντίνων
363 3901 424 3974 οὐκ
448 3910 535 3994 ἐπῆν
557 3901 719 3996 α’ριθμός.
764 3908 798 3974 Si
816 3927 887 3975 vere
901 3909 968 3975 haeo
982 3908 1064 3974 esset
1078 3907 1237 3988 scripture,

174 4014 399 4098 significaretur
419 4017 539 4098 portem
562 4015 677 4082 oinium
698 4013 908 4099 Rheginornm
923 4015 1051 4081 invitem
1067 4033 1085 4079 a
1099 4011 1243 4098 Micytho

174 4119 349 4185 Tarentinis
370 4120 483 4186 anxilio
505 4122 642 4188 missam.
667 4121 732 4215 ¹Sed
746 4139 844 4204 neque
859 4121 890 4186 id
905 4141 966 4187 uno
982 4124 1074 4188 verbo
1089 4115 1242 4207 α’ναγιια·
