2974 4660
540 361 543 367 ι
567 282 709 354 Euripidis
727 287 786 344 Ion.
1135 294 1171 357 19
1279 321 1281 326 ·

143 472 325 558 Aoyr'poce
348 475 509 560 Euripides
531 478 677 546 Herodoti
698 484 836 567 exemplo
852 485 938 566 dixit,
955 487 1008 572 qui
1022 487 1219 573 frequentius

145 573 316 668 ἐλλόγιμοι
340 581 493 649 dicuntur.
565 587 568 592 '

294 723 355 785 655
378 743 443 807 sq.:

244 877 253 895 .
276 877 284 894 .
306 878 315 896 .
337 823 399 914 τῆς
423 823 452 895 δ’
474 823 678 918 Ἀθηναίων
698 831 829 922 χθονός

235 931 310 1013 Ιόξω
333 931 469 1022 θεατήν
491 939 614 1023 δῆθεν,
637 936 682 1015 οἷς
703 937 765 1010 σύν
787 938 858 1010 ὅντ’
881 941 976 1032 ἐμόν.
1065 937 1070 946 ’

142 1042 255 1124 Aptius
293 1044 445 1110 scribatur
478 1042 613 1131 θεατήν
646 1048 776 1132 δῆθεν,
818 1044 892 1139 ούχ
925 1048 976 1128 or‘r
1011 1047 1082 1120 ὅντ’
1115 1049 1216 1139 ἐμόν,

74 1141 77 1150 “
142 1150 347 1230 spectatorem
369 1151 495 1228 scilicet,
519 1172 578 1219 nou
601 1155 760 1239 tamquam
783 1157 893 1225 filium.

292 1290 352 1353 692
375 1310 436 1374 sq.:

242 1402 305 1481 ἔχει
329 1391 429 1463 δόλον
451 1392 557 1484 τύχαν
581 1393 617 1464 θ’
639 1395 659 1466 ό
682 1417 764 1476 παῖς

242 1499 352 1568 ἄλλων
373 1507 513 1588 τραφεὶς
535 1513 567 1582 ἐξ
589 1500 754 1593 αἱμότων.

147 1623 262 1716 ,Τόχαν
291 1650 398 1714 parum
422 1636 504 1726 recte
534 1654 603 1700 curn
632 1630 734 1704 δόλον
756 1639 900 1724 coniungi
922 1642 1018 1707 sensit
1039 1643 1211 1723 Nauckius,

140 1736 194 1802 sed
223 1739 305 1821 quod
335 1732 449 1822 δόμων
482 1737 587 1828 τύχαν
620 1744 753 1828 scripsit,
788 1765 845 1812 nou
876 1748 982 1832 agitur
1003 1749 1147 1815 hocloco
1170 1750 1209 1816 de
1284 1788 1286 1794 ·
1361 1742 1363 1748 ’

139 1848 286 1926 occupata
317 1845 452 1922 fortuna,
486 1849 540 1913 sed
574 1849 611 1915 de
645 1850 715 1916 dolo
749 1853 835 1934 pueri
857 1854 1017 1936 suppositi.
1066 1856 1213 1937 Suspicor
1244 1889 1246 1892 ·

139 1951 287 2033 scriptum
309 1951 403 2017 luisse
427 1945 527 2019 δόλον
550 1952 689 2023 μλοκό
698 1984 719 2024 ν
741 1953 777 2026 θ’
800 1953 820 2026 o‘
831 1973 933 2033 μοῖς.

290 2093 370 2156 1099
392 2113 478 2178 sqq:
725 2193 727 2198 Ι

239 2197 386 2266 δείκνυσι
408 2197 473 2289 γόρ
497 2196 516 2268 o‘
537 2199 618 2277 Διός
641 2211 676 2270 ἐν

241 2306 374 2372 παίδων
395 2299 662 2394 α’μνημσσύναν,

239 2405 280 2477 ου’
303 2411 422 2479 κοινόν
443 2421 564 2483 τεκέων
586 2411 691 2504 τύχαν

239 2524 358 2586 οἴκοισι
382 2515 551 2606 φυτεύσας

240 2627 414 2712 δεσποίνᾳ.

139 2756 209 2821 Νοο
231 2757 381 2822 memoria
402 2758 433 2821 in
456 2756 562 2821 Xutho
585 2756 786 2835 desideratur,
811 2755 866 2820 sed
880 2757 1010 2840 aequitas
1026 2758 1057 2821 et
1071 2757 1209 2838 iustitia;

139 2879 254 2933 vereor,
277 2880 316 2925 ne
337 2861 485 2944 scriptum
508 2861 603 2926 fuerit
624 2853 958 2948 α’γνω-μοοόναν.

243 3001 322 3064 1288
337 3019 382 3083 sq.
420 3000 590 3083 Postquam
610 3001 666 3068 Ion
688 3009 730 3081 (r.
748 3003 1004 3083 laearoredum
1023 3002 1207 3088 obiurgavit,

140 3105 223 3190 quod
245 3125 277 3171 se
300 3106 357 3172 deo
379 3110 589 3172 consecratum
612 3104 688 3183 (cdo
709 3111 771 3176 cod
793 3110 893 3188 θεοῖν)
911 3109 1048 3176 occidere
1064 3109 1206 3188 voluerit,

138 3213 228 3296 eique
261 3213 376 3280 Creusa
407 3213 567 3297 respondit
593 3234 675 3295 cum,
707 3236 776 3283 cum
805 3235 922 3282 veneno
950 3217 1114 3299 peteretur,
1139 3205 1204 3282 iam

138 3338 196 3385 non
213 3319 378 3402 Apollinis,
399 3320 453 3385 sed
474 3321 573 3403 patris
595 3322 698 3403 luisse,
721 3323 924 3390 subiiciuntur
944 3322 978 3387 hi
1000 3322 1060 3388 duo
1082 3340 1204 3388 versus:

234 3449 305 3516 m.
329 3442 402 3515 ἄλλ’
425 3443 653 3536 ἐγενόμεσθα,
676 3446 807 3536 πατρός
829 3443 859 3517 δ’
882 3442 1003 3517 ούσόαν
1025 3451 1115 3536 λέγω.

236 3558 316 3622 KP.
340 3548 467 3622 σύκσύν
489 3549 559 3625 τότ’
581 3548 686 3642 ἦσθα.
710 3551 819 3638 νύν,δ’
841 3551 917 3644 ἐγώ,
940 3550 980 3622 σύ
1004 3549 1033 3622 δ
1034 3547 1142 3622 οὐκέτ’
1163 3554 1206 3621 εἶ.

136 3679 277 3745 Priorem
297 3698 428 3754 vorsum,
452 3681 483 3745 iu
506 3699 566 3764 quo
589 3674 619 3747 δ’
642 3681 791 3747 canterus
812 3682 895 3746 reete
917 3680 1052 3752 sustulit,
1078 3697 1207 3762 eorrup-

137 3787 205 3850 tum
230 3804 296 3853 esse
318 3786 517 3852 manifestum
550 3789 605 3860 est.
635 3806 691 3853 nec
719 3788 747 3852 ei
775 3789 840 3869 opis
863 3788 1030 3870 quidquam
1051 3786 1204 3851 editorum

138 3890 320 3956 coniecturae
342 3892 515 3958 attulerunt
535 3896 590 3959 aut
602 3893 706 3976 ipsum
722 3894 833 3958 vulnus
848 3893 1029 3977 attigerunt.
1062 3892 1203 3957 Primum

138 3997 265 4078 apparet
299 3995 466 4064 desiderari
499 3999 582 4065 verbi
616 3993 831 4085 ἐγενόμεσθα
860 3998 1116 4081 complementum
1148 4016 1207 4063 nec

138 4103 207 4182 dici,
242 4101 317 4186 quid
349 4101 381 4166 in
420 4104 502 4168 lonis
536 4123 665 4189 persona
701 4102 856 4177 acciderit.
895 4105 1003 4170 deinde
1040 4102 1203 4169 formulam

971 4214 1003 4275 2*
