2974 4660
310 273 350 336 ιο
689 275 748 330 uu.
767 275 789 330 1.
810 278 875 346 cap.
895 275 915 329 1.

365 472 426 557 βίᾳ
448 477 751 556 ξονορποσθοῖσον
772 464 942 560 Ἀργείων
963 469 1032 540 rinc

366 574 428 654 ξύν
449 579 546 646 παιδὶ
570 579 616 666 τῷ
638 577 684 666 σῷ
707 578 848 646 δουλίαν
870 575 963 665 ἥξειν
984 571 1124 665 τροφήν.

257 683 336 750 Non
358 683 480 750 videtur
501 685 574 750 ferri
591 705 679 769 posse
701 677 793 774 α’φῄς
807 687 873 752 sine
888 686 1017 760 obiecto,
1032 704 1068 752 ac
1082 702 1121 750 ne
1135 684 1190 752 ille
1206 684 1332 770 quidem

263 790 371 856 additu
399 794 489 860 recte.
519 790 635 872 opinor,
662 789 815 858 diceretur
848 785 983 878 α’γιένοι
1007 783 1084 859 τινά
1107 790 1145 856 dc
1166 789 1333 860 deserendo

257 915 309 970 eo,
333 915 423 981 quern
447 898 526 962 tucri
549 897 672 962 debeas.
715 899 824 983 Itaque
847 899 985 982 suspicor·
1007 897 1219 965 scribendum:

366 1004 546 1070 ....ucri
569 997 773 1088 τελευτήσας
795 997 918 1094 οἷπῄς.

417 1143 478 1208 789
501 1165 546 1229 sq.
571 1145 696 1212 chorus:

363 1243 459 1317 τοῦδ’
481 1242 638 1317 εἰοᾶιιουε
659 1245 817 1336 educate,
841 1247 886 1327 uic
907 1249 981 1339 ἥκοι
1005 1257 1115 1340 φέρων

209 1429 212 1436 ,
363 1359 517 1432 Αἴαντος
538 1351 625 1444 η’γιῑν
648 1360 771 1444 πρᾶξιν
793 1353 838 1444 ἢν
859 1351 978 1444 ἧλγιγο’
1000 1353 1073 1448 ἐγώ.

258 1463 369 1528 Haereo
392 1464 423 1527 in
446 1465 593 1530 vocabulo
615 1467 748 1550 πρᾶξιν,
782 1467 927 1550 quoniam
949 1484 1048 1551 neque
1069 1465 1186 1532 facinus
1209 1463 1332 1548 aliquod

263 1569 369 1634 Aiacis
402 1572 526 1635 nuntius
553 1572 644 1636 affert
677 1590 783 1656 neque,
816 1573 851 1636 ut
880 1573 969 1638 video
996 1572 1140 1648 enarrari,
1164 1572 1333 1646 fortunam

257 1675 391 1753 accedit
408 1674 488 1759 quod
509 1674 627 1742 ductus
650 1681 723 1760 post·
744 1680 881 1744 versibus
903 1679 1032 1744 recurrit
1050 1678 1133 1744 idem
1148 1676 1329 1743 vocabulum

263 1787 345 1848 recte
366 1783 501 1863 positum
524 1784 562 1848 de
588 1786 708 1849 fortuna
729 1785 912 1851 Tecmessae.
957 1784 1070 1867 Itaque
1099 1784 1207 1868 opinor
1235 1781 1332 1864 scrip·

254 1891 329 1953 tum
352 1887 463 1953 fuisse:

362 1997 514 2068 Αἴαντος
535 1989 622 2080 ἦγιῑν
642 1991 766 2080 βάξιν
788 1992 833 2081 ἢν
855 1989 972 2084 ἢλγηο’
995 1990 1068 2082 ἐγώ,

258 2107 296 2168 ut
328 2101 519 2186 significetur
542 2101 676 2168 narratio
706 2105 738 2168 et
764 2102 863 2168 oratic
893 2104 931 2168 de
954 2102 1047 2168 Aiace
1074 2100 1272 2168 custodiendo
1300 2100 1333 2166 et

252 2209 342 2274 iutra
363 2208 530 2273 tentorium
555 2210 694 2274 tenende.
733 2208 799 2289 [Sic
821 2208 989 2288 Reiskius]

411 2349 472 2411 969
495 2368 540 2432 sq.
565 2350 608 2424 (in
632 2349 804 2416 Tecmessae
826 2351 987 2424 orationet:

361 2455 394 2518 ri
417 2453 499 2537 δῆτα
522 2448 616 2522 τοὺιῩ
639 2457 847 2542 ἐπεγγολῷεν
869 2450 914 2522 civ
937 2449 1039 2533 κοίτας

361 2565 459 2633 θεοῖς
481 2563 649 2644 τέθνηκεν
672 2551 784 2638 οὗτος,
807 2554 849 2629 cv'
872 2562 1045 2637 κείνοισιν,
1069 2556 1121 2628 οὔ.

259 2665 368 2748 Neque
390 2685 448 2730 usu
471 2685 568 2751 neque
598 2670 715 2732 ratione
743 2668 915 2734 detenditur
936 2667 1126 2757 ἐπεγγελᾶν
1148 2685 1217 2733 cum
1243 2659 1328 2732 κατά

252 2773 466 2839 coniunctum.
512 2773 710 2839 scribendum
734 2775 869 2844 videtur:

361 2878 393 2944 τί
415 2879 500 2963 δῆτα
523 2871 618 2946 τοῦδ’
640 2873 695 2946 ἔτ’
717 2883 881 2970 ἔγγιλῷεν
905 2876 950 2947 civ
972 2872 1076 2958 κοίτας

411 3007 471 3072 983
494 3027 555 3091 sq.:

361 3162 368 3178 .
393 3167 400 3180 .
425 3159 431 3175 .
455 3114 520 3199 φεύ
542 3107 655 3188 τάλας.
678 3117 712 3182 τί
733 3111 798 3206 γοῖρ
821 3121 940 3182 τέκνον

359 3214 397 3285 τὸ
420 3220 534 3297 τοῦδε,
557 3222 626 3288 τιού
647 3248 707 3306 μοι
729 3225 793 3310 γῆς
816 3236 907 3307 κυρεῖ
930 3223 991 3308 τῆς
1016 3213 1193 3308 Τρῳάδοςς
1356 3309 1359 3318 γ

252 3324 327 3391 Νοο
350 3343 471 3392 causam
495 3326 658 3410 superioris
680 3331 814 3413 queretae
837 3334 868 3396 et
890 3328 1066 3394 eiulaticnis
1089 3327 1178 3392 affert
1199 3325 1327 3408 Teucer,

256 3429 314 3496 sed
337 3432 375 3496 ub
397 3432 463 3512 ipsc
484 3433 579 3498 Aiace
602 3435 820 3518 cogitationem
849 3435 994 3500 transfert
1021 3433 1059 3500 ud
1081 3432 1198 3509 filium;
1222 3432 1327 3515 itaque

252 3537 454 3602 scribendum
476 3538 509 3603 τί
532 3531 561 3605 δ’
583 3536 662 3624 ἄρα
686 3545 813 3608 τέκνον.

411 3666 491 3730 1008
516 3687 601 3752 sqq.:

360 3764 471 3857 ἦπού
493 3800 538 3859 με
567 3771 745 3861 Τελαμών,
769 3771 826 3850 οός
848 3771 962 3860 πατήρ
987 3769 1069 3858 ἐμός
1091 3766 1215 3850 τ’ἴοως,

361 3872 479 3958 δέξαιτ’
501 3875 545 3948 ἄν
567 3875 790 3968 ουίιρόοιοτιος
812 3885 908 3955 ἵλεως
928 3874 969 3956 τ’,
993 3874 1076 3948 ἰδών

359 3981 518 4074 χωροῦντ’
540 3986 625 4055 ἄνευ
647 3989 718 4056 ucri.
741 3989 812 4062 πῶς
834 3982 898 4076 γάρ
921 3983 1002 4073 crim
1024 3983 1090 4073 ὅτῳ
1111 3983 1202 4074 τιάρα

357 4088 439 4182 μηδ’
461 4088 660 4182 εὐτυχοῦντι
682 4096 791 4180 μηδὲν
813 4097 913 4161 ἵλεων
933 4094 1048 4182 γελᾶν.
