3008 4650
563 289 703 344 Ciceronis
721 289 830 342 Brutus.
1135 287 1192 350 109

166 491 291 570 tempus
314 488 544 566 (habiturus
566 495 628 565 es),
659 485 801 569 quoniam
824 485 869 550 de
891 488 1010 552 oratore
1031 487 1092 550 iam
1115 483 1233 566 pridem

165 595 250 662 claro
275 599 306 660 et
330 596 492 661 consulatu
514 597 618 660 functo
642 592 804 657 dicendum
834 595 900 657 erat
928 592 1058 656 habes.
1112 589 1234 670 Perspi-

96 741 98 745 -
164 721 260 767 cuum
284 704 331 766 est
352 701 452 786 igitur
472 720 625 767 summam
648 699 787 782 responsi
810 703 841 764 et
859 698 965 763 indicii
981 698 1071 762 Bruti
1086 694 1234 761 contineri

170 809 218 873 his
240 809 342 875 verbis
366 809 552 885 coniunctis:
582 807 685 887 Quid
708 824 847 871 censes
875 804 956 869 nisi
975 804 1153 869 similem
1175 803 1236 866 tui

169 927 238 988 (me
259 935 343 979 eum
364 914 584 990 iudicare)?
607 913 681 992 Quae
700 913 934 994 interponuntur
949 911 1051 987 verba,
1072 908 1113 974 id
1135 906 1235 992 quod

67 1021 69 1024 ’
169 1021 385 1086 habiturus
408 1041 464 1098 es,
486 1019 642 1102 pertinent
656 1021 694 1084 ad
710 1019 937 1097 declarandum,
961 1017 1035 1102 quid
1050 1016 1115 1099 ipse
1131 1015 1236 1080 Cicero

165 1126 207 1191 de
228 1126 285 1193 hoe
309 1129 397 1194 Bruti
422 1128 535 1193 iudicio
557 1145 702 1191 sensurus
725 1127 774 1190 sit.
820 1125 974 1207 Scriptum
996 1125 1111 1189 luerat:
1135 1121 1236 1203 Quid

172 1254 327 1312 censes,
360 1233 511 1317 inquit,
534 1233 614 1297 nisi
636 1232 686 1309 (id
718 1232 819 1314 quod
849 1229 1021 1318 agniturus
1043 1237 1097 1306 es)
1122 1229 1236 1294 simi·

170 1342 245 1406 lem
268 1342 354 1407 tui?
383 1341 499 1406 Brutus
523 1340 699 1405 Ciceronem
726 1340 827 1421 ipsum
857 1341 937 1404 hauc
959 1337 1097 1404 Marcelli
1121 1336 1235 1402 simili-

170 1449 308 1512 tudinem
341 1448 518 1532 agniturum
552 1465 618 1511 esse
651 1446 814 1529 siguificat
868 1445 925 1510 His
947 1445 1106 1529 aptissime
1128 1443 1237 1508 adiun-

171 1558 355 1638 gestures,
378 1574 446 1638 quae
469 1554 646 1636 sequuntur.

271 1673 352 1738 Ibid.
382 1673 461 1736 265:
494 1672 528 1736 L.
559 1670 804 1752 Torquatus,
837 1688 950 1751 quem
979 1671 1022 1732 tu
1054 1686 1125 1732 non
1159 1670 1238 1731 tarn

168 1781 251 1846 cito
272 1779 476 1844 rhetorem
499 1778 689 1853 dixisses,
720 1776 811 1841 etsi
830 1794 902 1839 nou
925 1775 1064 1839 deerat
1087 1773 1237 1847 oratio,

169 1905 301 1968 quam,
324 1887 365 1948 ut
388 1885 515 1950 Graeci
538 1883 692 1962 dieunt,
716 1875 962 1948 πολιτικόν.
1006 1881 1041 1946 L.
1064 1881 1238 1962 Torquatus

173 1992 357 2058 rhetorne
390 1989 473 2057 esset
502 2009 537 2057 eo
565 1989 685 2054 dicendi
714 1990 871 2075 magister,
901 2008 991 2053 nemo
1014 1989 1183 2071 quaerebam
1205 1986 1238 2049 id

171 2120 266 2172 nurum
290 2099 448 2183 agebatur,
471 2101 612 2163 orat-orne
634 2098 716 2162 esset
738 2117 776 2162 au
798 2099 919 2162 tantum
943 2096 1033 2160 homo
1049 2097 1092 2159 rei
1109 2093 1239 2176 publicae

172 2207 298 2290 peritus.
343 2207 403 2283 (De
425 2203 532 2270 Graeco
553 2204 696 2278 nominis,
720 2204 801 2288 quod
820 2206 868 2270 est
890 2197 1008 2290 ῥήτωρ,
1030 2222 1088 2268 usu
1110 2201 1240 2286 cogitari

173 2331 207 2377 eo
230 2311 464 2393 minuspotest,
486 2311 566 2395 quod
588 2311 619 2375 in
646 2311 742 2376 altero
764 2313 829 2394 ipso
846 2312 907 2378 aed
922 2310 1100 2376 πολιτικοῦ
1117 2311 1239 2375 nomine

170 2418 273 2484 Graeci
295 2437 369 2483 usus
398 2417 568 2501 proprietas
598 2440 616 2485 a
645 2421 755 2486 Latino
785 2420 968 2502 separatur.)
1021 2417 1138 2498 Ipsum,
1161 2416 1238 2499 qnod

176 2525 370 2610 adiungitur:
393 2526 473 2590 etsi
494 2544 566 2590 non
595 2527 735 2591 deerat
757 2525 904 2597 oratio,
926 2524 997 2588 lusu
1015 2523 1148 2605 quodam
1163 2533 1239 2586 'ver-

177 2631 285 2697 borum
321 2630 465 2709 ostendit,
502 2631 574 2716 qnid
597 2632 701 2720 Cicero
738 2632 910 2715 scripserit:
942 2649 1016 2695 non
1048 2632 1126 2694 tam
1161 2628 1240 2694 cito

177 2739 342 2804 oratorem
365 2739 557 2812 dixisses,
580 2740 659 2803 etsi
681 2759 752 2804 non
782 2739 923 2803 deerat
944 2734 1090 2808 oratio,
1113 2753 1235 2818 quam,

169 2846 220 2908 ut
242 2845 299 2910 cet.
360 2844 506 2910 Mendnm
540 2847 647 2931 uatum
680 2847 729 2910 est
760 2862 795 2910 ex
828 2845 1108 2917 citore'torom,
1144 2841 1239 2906 semel

176 2951 291 3034 scripta
313 2951 417 3016 littera
438 2971 472 3026 03
495 2952 565 3017 tum
587 2953 666 3017 enirn
691 2953 923 3017 erratorem
945 2952 1061 3017 sactum
1084 2951 1133 3014 est
1154 2949 1240 3014 rhe-

169 3056 348 3139 torem.*)
826 3054 828 3059 ’

276 3184 354 3251 lbid.
388 3186 463 3249 304:
500 3190 768 3255 exercebatur
806 3206 883 3254 una
919 3187 1010 3271 lege
1043 3186 1240 3252 iudicium

173 3291 298 3357 Varia
319 3293 472 3358 ceteris
500 3299 669 3378 propter
697 3295 847 3361 bellum
876 3293 1148 3371 intermissis„
1177 3293 1239 3358 cni

228 3559 254 3629 *)
274 3561 351 3630 §296
370 3562 459 3617 oratio
480 3564 519 3618 sie
536 3565 754 3638 interpungenda
768 3571 822 3621 est:
842 3563 1033 3630 assentior,
1053 3561 1110 3616 sed
1129 3568 1239 3616 tamen

275 3670 341 3733 non
365 3655 435 3711 isto
460 3658 553 3714 modo
572 3659 636 3727 (quo
656 3665 686 3713 tu
703 3657 849 3727 loqueris);
876 3662 912 3711 ut
938 3655 1110 3725 Polycliti
1136 3655 1239 3724 dory-

275 3747 416 3816 phorum
450 3751 517 3806 sibi
545 3751 716 3822 Lysippus
749 3751 877 3816 aiebat,
906 3748 954 3804 sic
981 3755 1018 3803 tu
1046 3749 1240 3804 suasionem

275 3841 367 3910 legis
391 3841 544 3901 Seruiliae
572 3846 635 3900 tihi
663 3843 860 3913 magistram
887 3841 996 3898 fuisse
1015 3840 1148 3911 (aiebas);'
1171 3842 1240 3897 haec

275 3950 433 4026 germana
459 3939 570 3995 ironia
598 3944 659 3994 est.
703 3938 735 3991 ln
758 3955 791 3992 ea
809 3937 1039 4006 interpunctione,
1058 3951 1118 4004 quae
1137 3937 1165 3990 in
1184 3935 1239 3991 edi-

262 4031 397 4088 tionibus
425 4038 475 4101 est,
501 4032 640 4102 particula
661 4038 695 4086 ut
718 4045 847 4100 perverse
865 4031 937 4085 inter
954 4032 1047 4100 priora
1067 4037 1094 4084 et
1111 4029 1148 4097 id,
1167 4028 1239 4097 quod

276 4129 409 4198 sequitur,
429 4129 481 4191 sic
499 4125 667 4180 distrahitur.
