2974 4660
299 272 319 332 6
678 270 738 326 Lib.
757 271 778 326 L
800 275 865 342 Cap.
883 274 905 329 I.

257 468 341 534 tibus
363 467 447 533 urbis
469 469 617 535 matronis
640 469 788 536 Minerva
808 469 840 535 in
863 475 1039 554 arceatque
1061 472 1177 554 templo
1193 472 1326 538 offerret.

256 573 426 658 Postquam
448 574 545 660 igitur
559 574 686 642 Hecuba
708 576 739 640 in
762 575 936 642 cubiculum
952 570 1147 660 (θάλαμον)
1162 577 1325 644 odoratum

252 679 450 748 descendisse
469 679 553 746 dicta
575 681 633 753 eat,
654 681 720 747 haec
740 681 887 768 leguntur
908 693 949 760 (v.
973 685 1034 748 289
1057 693 1156 768 sqql:

339 780 415 856 ἕνθ’
437 792 518 854 loeo
540 791 572 854 ol
594 791 731 865 πέπλοι,
754 789 971 875 παμποίκιλα
995 797 1074 878 ἔργα
1097 791 1271 878 γυναικών

341 893 519 970 Σιδονίων,
541 889 603 969 acic
624 887 729 970 οιιίιός
751 890 974 982 Ἀλέξανδρος
998 891 1158 982 θεοειδής

337 997 443 1090 ἤγαγε
467 1001 689 1087 Σιδονίηθεν,
710 999 863 1094 emanata
885 997 982 1088 οὐρία
1006 997 1148 1080 πόντον,

338 1103 403 1193 τήν
426 1103 507 1177 ὁδόν
528 1101 573 1194 ἢν
593 1107 739 1196 Ἑλένην
761 1135 825 1195 περ
848 1104 1023 1199 ἀνήγαγεν
1044 1114 1277 1197 εὐπατέρειαν.

356 1214 407 1281 Sic
428 1215 509 1282 hune
530 1217 632 1282 locum
653 1219 802 1300 scriptum
817 1213 1002 1285 ⁴hahuerunt
1024 1237 1082 1284 non
1104 1218 1204 1284 solum
1220 1234 1325 1300 gram·

251 1320 370 1398 malici,
394 1322 588 1398 scholiorum,
611 1342 678 1406 qnae
706 1327 742 1389 ad
773 1343 828 1390 nos
851 1327 1062 1406 pervenerunt,
1087 1328 1234 1392 auctores.
1258 1321 1322 1400 sed,

249 1427 290 1492 ut
311 1427 443 1505 videtur,
473 1429 566 1494 etiam
591 1428 701 1496 Strabo
731 1431 799 1507 (lib.
824 1429 839 1493 1
862 1451 891 1514 p.
914 1432 952 1492 41
977 1431 1057 1514 Cas,
1079 1430 1132 1495 nbi
1155 1431 1258 1494 tamen
1282 1424 1323 1501 ἅς

253 1533 379 1618 legitur)
402 1536 435 1599 et
456 1554 491 1600 eo
515 1537 604 1620 longe
625 1537 782 1621 antiquior
803 1538 988 1616 Herodotus,
1018 1535 1071 1620 qui
1086 1537 1143 1601 hos
1159 1553 1266 1600 versus
1281 1535 1323 1606 ll,

256 1637 315 1702 116
337 1639 461 1721 profert,
486 1660 673 1726 quamquam
694 1662 791 1728 neque
816 1644 897 1727 apud
918 1643 1108 1709 Herodotum
1125 1660 1224 1724 neque
1239 1637 1321 1722 apud

247 1743 437 1812 Strabonem
459 1767 494 1812 ea
517 1767 573 1814 vox
594 1749 642 1815 vel
664 1752 765 1834 potius
788 1771 822 1815 ea
845 1750 961 1822 litteras
985 1748 1022 1815 de
1043 1768 1104 1832 qua
1119 1748 1184 1814 sola
1200 1748 1322 1813 contro·

249 1851 385 1917 sensiam
406 1854 609 1931 movebimus,
631 1856 802 1939 quidquam
824 1858 863 1920 ad
886 1855 1056 1921 testimonii
1078 1853 1236 1920 Homerici
1258 1851 1322 1916 vim

248 1959 284 2021 et
305 1957 488 2024 sententiam
512 1961 656 2042 pertinet.
700 1963 819 2045 Iraque,
841 1959 1321 2036 utvernanunenanent,1²aris

249 2066 394 2128 narratur
427 2064 540 2132 Sidone
573 2084 633 2132 non
667 2075 784 2134 vestem
816 2069 985 2150 pretiosam
1006 2069 1131 2133 Troiam
1153 2067 1321 2138 advexisse,

248 2167 307 2233 sed
329 2170 475 2238 mulieres
497 2171 684 2252 Phoenissae,
708 2192 775 2257 qua
790 2175 889 2240 Troiae
910 2174 1085 2240 huiusmodi
1107 2176 1225 2239 vestem
1248 2189 1321 2237 con·

248 2275 385 2341 dicerent.
440 2277 549 2361 Neque
583 2280 690 2362 ignoro
723 2300 818 2364 nuper
850 2299 886 2346 ex
912 2280 970 2345 hac
1000 2280 1173 2344 narratione
1194 2279 1318 2361 longius

246 2384 345 2448 etiam
367 2383 573 2451 coniecturam
597 2387 721 2452 ductam
752 2407 829 2465 esse,
858 2393 892 2453 ut
920 2390 951 2452 in
981 2387 1050 2452 aliis
1080 2405 1202 2469 quoque
1224 2402 1318 2467 gene-

248 2491 335 2556 ribus
357 2491 463 2557 itidem
486 2510 536 2558 ars
564 2492 779 2576 opificiumque
810 2493 986 2559 Phoenicum
1019 2492 1145 2557 Troiam
1176 2489 1318 2556 traducta

248 2596 453 2663 crederentur.
496 2597 577 2663 Mihi
609 2603 712 2665 tamen
745 2599 944 2666 manifestum
975 2599 1105 2673 videtur,
1134 2598 1236 2663 totum
1258 2595 1316 2660 hoc

247 2705 461 2770 commentum
495 2724 514 2770 a
546 2706 675 2787 poeticae
708 2707 888 2771 narrationis
921 2704 1119 2787 simplicitate
1152 2707 1184 2768 et
1211 2703 1250 2768 ab
1280 2721 1317 2768 ea

250 2827 352 2874 rerum
385 2811 492 2888 forma,
516 2830 608 2894 quam
641 2813 849 2896 antiquissimi
878 2817 976 2894 poetae
1005 2811 1103 2876 ruenti
1125 2812 1318 2876 obversatam

248 2915 345 2980 luisse
367 2917 429 2982 veri
451 2915 551 2983 simile
574 2920 631 2997 est,
655 2919 744 3003 longe
767 2917 940 2984 abhorrere.
984 2917 1092 3000 Neque
1114 2917 1197 2982 enim
1218 2922 1318 2998 poetae

250 3025 299 3088 est
330 3021 489 3088 hominem
521 3023 608 3090 miris
641 3044 695 3108 per
724 3024 850 3089 ultimas
883 3041 951 3088 oras
983 3025 1135 3089 erroribus
1167 3023 1315 3089 iactatum

248 3129 395 3196 inducere
416 3129 531 3195 artium
552 3129 804 3213 opificiorumque
826 3129 951 3195 aliunde
973 3128 1012 3195 ad
1033 3148 1105 3194 suos
1119 3130 1201 3194 cives
1214 3131 1318 3194 trans·

249 3235 444 3302 ferendorum
477 3236 604 3302 consilia
636 3239 881 3321 persequentem,
917 3238 970 3302 sed
1004 3255 1040 3300 ex
1072 3235 1250 3319 peregrinis,
1283 3235 1316 3299 in

245 3360 327 3426 quas
360 3340 510 3408 deductus
543 3342 594 3416 sit,
626 3343 718 3408 terris
749 3343 799 3408 'res
831 3361 916 3409 caras
951 3343 983 3407 et
1012 3343 1161 3425 pretiosas
1190 3341 1317 3423 suisque

250 3449 371 3532 ignotas
403 3448 434 3512 in
467 3447 601 3531 patriam
634 3451 826 3529 referentem.
860 3446 1122 3531 quemadmodum
1157 3448 1251 3511 etiam
1285 3446 1317 3508 in

246 3553 397 3640 Odyssea
418 3555 496 3620 libro
520 3553 572 3628 lV,
594 3555 655 3618 618
678 3557 708 3620 et
734 3554 802 3634 XV,
840 3558 897 3617 llo
930 3553 969 3618 de
1001 3553 1144 3618 Menelao
1177 3553 1318 3615 narratur

248 3659 357 3724 itidem
379 3659 524 3726 Sidonem
546 3660 686 3729 advecto.
730 3662 777 3726 Ne
799 3659 940 3743 antiquos
955 3660 1079 3742 quidem
1095 3656 1207 3722 fefellit
1222 3656 1316 3721 mira·

250 3765 342 3832 tionis
365 3767 397 3831 et
418 3766 596 3833 offensionis
611 3765 725 3849 aliquid
742 3766 820 3830 hanc
834 3766 1039 3831 narrationem
1055 3765 1186 3836 habere;
1209 3763 1317 3845 itaque

249 3870 289 3936 ad
321 3889 389 3938 eam
421 3872 622 3938 offensionem
657 3872 826 3938 tollendam
857 3874 889 3937 in
922 3871 1046 3938 scholiis
1078 3871 1243 3936 annotatur
1276 3870 1315 3935 ad

249 3975 372 4044 Paridis
399 3978 540 4044 studium
567 3981 599 4044 et
625 3996 730 4044 euram
753 3978 976 4064 (ποριεργιάν)
1003 3977 1215 4042 declarandam
1246 3996 1317 4058 per·

246 4083 357 4160 duero,
390 4083 473 4169 quod
504 4103 564 4150 non
597 4082 695 4148 solum
730 4085 843 4159 restes,
875 4082 1048 4148 sedetiam
1070 4081 1223 4162 mulieres,
1246 4102 1314 4166 quae
