3012 4652
299 281 358 346 m
655 279 919 349 mmmm

256 479 408 564 seriptum
447 480 529 546 esset
565 480 832 556 (muluinter),
877 475 991 545 nonalis
1034 495 1093 542 uon
1130 476 1215 542 reeta
1250 495 1323 558 sup·

255 588 339 671 plata
360 590 416 652 ent.

357 691 437 759 lbid.
460 691 516 772 XI,
541 691 590 770 10,
614 691 649 755 1:
679 691 763 757 Non
785 689 985 756 mihinam
1009 689 1210 774 publicam
1233 691 1323 772 plue

255 799 399 866 debere
434 798 615 865 arbitror
647 817 757 883 quum
794 797 968 865 metiti.
1006 797 1234 864 Gratiarum
1266 815 1323 862 me

256 925 344 971 esee
365 905 404 970 in
427 907 465 970 te
489 924 622 989 poene,
647 923 760 991 quam
780 904 856 970 isti
877 904 1060 987 perversi
1082 904 1167 971 sint
1189 904 1227 968 iu
1249 922 1323 978 me,

255 1011 662 1095 exploratumhabeo;
686 1011 720 1076 si
743 1013 875 1078 tamen
897 1011 976 1077 haee
998 1009 1195 1096 temporie
1214 1009 1323 1075 nide-

253 1121 374 1183 untur
396 1117 480 1183 dloi
502 1136 637 1196 nausa,
653 1117 772 1184 malle
794 1137 850 1184 me
872 1120 983 1186 tuum
1004 1118 1323 1202 inditiumquam

254 1223 1023 1306 exalteraparteomniumietorumoet.
1052 1224 1323 1292 RidieuIeBrutun

253 1330 423 1414 gratiorem
445 1348 477 1394 ee
506 1349 573 1396 esse
604 1349 721 1416 posse
753 1333 846 1412 dialt3
879 1335 1004 1418 gratum
1026 1352 1059 1399 ee
1081 1351 1148 1398 ense
1169 1329 1323 1396 affirmare

255 1437 357 1502 debet.
407 1435 506 1502 Sensu
535 1440 641 1504 nerent
662 1441 770 1506 verba:
800 1440 834 1505 si
861 1442 993 1506 tamen
1019 1439 1100 1506 haeo
1126 1437 1324 1521 temporie

171 1558 173 1562 ·
254 1543 471 1610 videantur
506 1545 587 1611 diei
621 1564 756 1623 nausa,
790 1547 822 1611 in
857 1546 968 1629 quibua
1005 1547 1072 1629 ipse
1113 1545 1323 1612 oouiuuetivus

253 1648 384 1715 altioeus
415 1651 471 1717 est.
511 1649 589 1736 Quae
622 1651 733 1718 deinde
767 1651 974 1720 subiioiuutur
1004 1653 1138 1732 (malle
1161 1671 1218 1718 me
1239 1652 1322 1729 oet),

254 1775 388 1841 prorsus,
411 1757 491 1823 unde
511 1759 674 1842 pendeant,
696 1759 777 1825 nihil
797 1760 923 1826 habent.
971 1762 1007 1827 ln
1028 1759 1063 1824 M
1085 1759 1245 1826 scribitur:
1268 1757 1323 1824 eit

252 1884 300 1930 au
332 1864 405 1931 hoo
433 1869 612 1950 tempore
640 1867 674 1931 io
696 1866 925 1934 uideantur.
970 1867 1051 1934 Hine
1072 1867 1205 1951 primum
1229 1865 1323 1932 ellini-

253 1974 320 2038 tur:
364 1973 626 2055 Exploratum
661 1972 785 2039 habes
821 1974 889 2042 vila
924 1981 979 2052 (uo
1014 1975 1092 2041 haee
1128 1973 1323 2056 temporie

253 2078 472 2144 videantur
493 2077 575 2144 diei
597 2086 745 2160 eausa),
776 2081 896 2146 malle
918 2100 975 2147 me
997 2084 1053 2148 eet.
1108 2081 1221 2147 Utrum
1243 2079 1323 2146 nude

251 2187 299 2252 eie
332 2187 447 2254 Brutus
481 2186 568 2252 nitu
599 2188 735 2268 posuerit
766 2207 804 2254 au
835 2188 921 2254 tota
954 2189 1039 2254 nita
1068 2188 1233 2272 scripserit,
1262 2205 1322 2254 uon

251 2292 375 2359 definio.
429 2292 550 2359 Deinde
582 2294 613 2359 in
647 2313 763 2378 poene
792 2296 900 2362 subest
925 2295 1063 2372 verbum,
1087 2295 1167 2362 uncle
1189 2294 1322 2378 pendeat

252 2399 406 2466 sententia
434 2399 557 2466 infinita
586 2403 807 2486 gratiorem
830 2420 887 2468 me
909 2420 997 2468 esee
1017 2401 1058 2467 in
1083 2402 1132 2468 te.
1175 2400 1226 2467 Ad
1248 2419 1320 2467 eeu-

252 2506 384 2572 tentiam
407 2506 601 2589 aptissimum
625 2509 674 2574 est
695 2524 819 2575 nonnos.

352 2612 430 2678 lbid.
454 2613 540 2692 XIII,
563 2614 613 2692 66,
638 2615 672 2680 1:
705 2613 886 2680 Atehoo
918 2615 1071 2698 ..peto
1102 2661 1188 2695 ...‚
1211 2616 1320 2682 ulad

252 2738 312 2798 ea,
343 2737 425 2802 quae
447 2720 515 2785 tun
537 2725 679 2803 sponte
700 2722 787 2786 sine
810 2713 1046 2805 cuiusquam
1068 2722 1320 2788 commenda-

252 2826 364 2893 tione
392 2826 547 2892 feneres
577 2827 841 2893 inhominem
871 2828 1027 2894 tantum
1050 2833 1088 2895 et
1110 2829 1232 2896 talem
1254 2847 1319 2895 oa·

251 2933 502 3010 tonnitorum,
525 2934 701 3018 aliquem
722 2933 903 2999 afferant
924 2936 1122 3001 cumulum
1144 2936 1317 3002 meaelit·

251 3040 346 3103 terae
368 3041 426 3104 oet.
477 3041 590 3106 Iniuria
617 3041 649 3106 in
678 3041 885 3124 suspicionem
913 3045 1057 3108 nonatum
1080 3044 1129 3109 eat
1149 3042 1318 3110 uelami-

250 3146 399 3223 tonum3
423 3151 470 3212 ent
492 3146 575 3212 enim
595 3144 690 3224 idem,
713 3167 748 3213 au
770 3149 796 3212 si
819 3147 970 3213 scribatur
991 3149 1030 3215 in
1061 3149 1316 3228 calamitate,

251 3253 463 3336 postquam
500 3253 767 3320 calamitosus
804 3254 938 3321 fantus
974 3255 1038 3321 eit.
1099 3255 1160 3322 Sed
1196 3276 1317 3340 prorsus

249 3359 353 3442 inepte
389 3360 484 3426 eliens
521 3359 672 3424 inferioris
709 3360 824 3428 ordinis
862 3365 894 3426 et
929 3362 1103 3446 negotiator
1145 3363 1318 3446 appelletur

251 3469 391 3533 tantus
425 3467 548 3533 homo.
601 3465 779 3532 Proximum
811 3470 859 3534 est
880 3468 992 3534 litteris
1014 3473 1046 3534 et
1067 3469 1107 3535 ad
1129 3469 1317 3536 sententiam

248 3571 421 3654 probabile:
444 3573 483 3637 in
507 3573 705 3639 homiuem
730 3575 797 3640 tarn
818 3576 909 3643 tunm
932 3578 971 3641 et
991 3576 1123 3641 talem.

349 3689 428 3755 lbid.
450 3690 534 3769 XIV,
559 3691 586 3769 1,
610 3693 648 3756 5:
677 3693 730 3771 et,
754 3694 787 3760 ei
809 3711 877 3760 nos
898 3700 1054 3777 promet
1076 3695 1211 3760 eudem
1233 3696 1315 3762 for·

247 3797 361 3876 tuna,
385 3798 479 3880 quid
504 3817 624 3882 puero
648 3800 793 3865 minero
815 3799 914 3865 fiete
944 3800 1162 3881 Quaesthaeu
1184 3802 1316 3868 eadem

248 3901 412 3968 fortuna
434 3906 465 3968 et
487 3925 554 3988 quae
576 3905 641 3971 eins
663 3907 829 3990 oppressio,
851 3907 963 3991 quidve
986 3927 1021 3974 ea
1044 3909 1084 3975 ad
1102 3927 1230 3992 puerum
1247 3929 1317 3995 per·

246 4007 349 4072 tinet?
395 4009 463 4076 Una
497 4011 603 4077 additu
634 4011 740 4078 littera
766 4013 851 4079 reeta
879 4015 1035 4081 sententia
1063 4015 1175 4083 oritur:
1204 4019 1259 4095 et,
1284 4017 1318 4083 si

248 4132 317 4180 nos
354 4116 489 4200 perimet
524 4117 660 4184 eadem
681 4119 861 4203 fortuna,
884 4123 941 4188 net.
991 4122 1023 4188 si
1045 4127 1211 4207 utrumque
1233 4125 1316 4191 idem
