3012 4652
569 315 708 370 Ciceronis
726 315 858 386 epistolae.
1145 314 1204 377 201

182 509 265 576 turi
297 510 557 591 altiores‚,si
590 513 815 594 pat-tamur?
853 512 903 578 Ut
936 515 1010 578 iam
1046 512 1145 587 ista,
1167 530 1248 594 quae

183 617 303 696 facit,
326 617 642 683 dominationem
665 638 710 685 an
739 618 940 684 dominum
963 639 1008 684 an
1030 619 1248 684 Antonium

183 723 372 789 timentis
414 725 507 791 sint
580 726 654 790 Haec
699 727 856 808 postrema
902 744 994 808 prave
1041 725 1248 807 superioribus

185 831 412 915 adiunguntnr;
433 850 516 896 nam
551 830 652 897 aiut
683 831 835 914 particula
867 837 914 898 est
947 831 1150 910 consecutiva,
1173 846 1250 914 qno-

73 1004 76 1009 ,
187 937 276 1002 modo
304 954 376 1003 cum
404 957 441 1003 ea
469 937 627 1004 conciliari
654 939 757 1020 potest
785 937 1035 1021 interrogationis
1057 938 1249 1021 disiunctivae

187 1045 305 1109 torma?
348 1043 564 1110 Scribendum:
587 1045 636 1110 Ut
657 1045 702 1123 (id
731 1047 779 1110 est
800 1044 927 1120 velut)
949 1043 1025 1108 iam
1048 1045 1145 1122 ista,
1169 1063 1251 1127 quae

187 1151 290 1216 facit
298 1196 433 1228 .....
461 1153 597 1229 suntt*)
641 1153 675 1215 ln
699 1151 805 1216 eadem
830 1151 1064 1232 reprehensione
1094 1150 1250 1216 Ciceronis

188 1277 224 1325 ea
246 1257 375 1324 dicentis
397 1261 427 1323 et
448 1256 649 1335 decernentis,
673 1277 742 1341 quea
763 1276 796 1328 se
818 1276 877 1322 non
899 1257 1037 1337 deceant,
1061 1258 1087 1322 si
1109 1257 1251 1323 domina·

188 1365 304 1430 tionem
318 1383 388 1430 rere
403 1364 473 1429 tolli
487 1364 573 1442 velit
589 1364 760 1448 sequnntur
774 1366 856 1430 haeoz
878 1364 1000 1430 Immo
1021 1363 1252 1446 triumphus
1321 1405 1323 1408 -

189 1471 227 1535 et
248 1471 514 1553 stipendium!
542 1471 794 1536 stromateus
817 1470 995 1536 decretis
1018 1470 1252 1536 hortationis
1353 1547 1355 1551 Α

189 1578 337 1661 pudeat
373 1578 661 1660 concupiscere
697 1578 917 1656 fortunam,
961 1579 1076 1643 cuius
1115 1594 1254 1642 nomen

13 1717 14 1724 κ
126 1731 129 1738 -
190 1683 1093 1767 susceperit,consuleris,ueciccronisectr
1117 1682 1254 1747 Primum

184 1809 313 1873 prorsus
332 1791 437 1856 eadem
459 1790 596 1872 perlucet
617 1789 866 1873 interrogationis
882 1790 988 1866 terma,
1006 1791 1119 1873 quaein
1135 1789 1255 1871 superi-

191 1897 293 1963 oribus
316 1901 397 1963 erat:
420 1898 540 1964 Immo
569 1896 799 1980 triumphes
821 1883 1129 1981 et'stipendium
1153 1942 1160 1958 .
1184 1942 1191 1957 .
1215 1941 1254 1957 ..

191 2003 419 2069 consularis
452 2005 511 2070 aut
543 2002 751 2070 Ciceronis
785 2005 870 2069 est?
915 2003 1033 2070 Deinde
1055 2004 1086 2068 in
1108 2003 1156 2080 iis,
1186 2020 1254 2085 quae

190 2111 352 2176 interiecta
384 2112 468 2184 snut.
500 2129 559 2176 non
594 2110 719 2174 dubium
749 2113 805 2188 eet,
836 2103 908 2194 quin
929 2129 1043 2175 nomen
1067 2109 1196 2175 Caesaris
1216 2111 1256 2174 ab

192 2217 359 2298 Octaviano
375 2218 558 2300 vsusceptum
587 2216 777 2301 significetur
802 2221 838 2281 et
859 2215 952 2281 simul
974 2216 1096 2282 fortuna
1118 2215 1255 2292 Caesarie,

193 2324 335 2408 adquam
350 2322 624 2406 concupiscendam
635 2321 835 2388 Octavianum
851 2326 916 2389 auis
931 2319 1064 2388 decretis
1076 2322 1182 2388 Cicero
1196 2323 1257 2387 im·

192 2432 324 2516 prudens
340 2432 485 2497 hortetur.
508 2432 618 2514 ltaque
634 2429 719 2495 loeus
731 2430 771 2496 ad
783 2429 916 2511 primam
932 2430 1064 2511 speciem
1077 2428 1258 2512 gravissime

194 2539 378 2621 depravatus
401 2539 559 2603 lenissime
582 2527 735 2601 medicina
757 2535 802 2600 sic
824 2535 1012 2600 restituitur:
1036 2537 1157 2600 Immo
1180 2533 1257 2599 tri-

193 2645 360 2731 umphus
404 2651 442 2711 et
484 2642 734 2726 stipendium
771 2643 810 2706 et
848 2642 1031 2708 omnibus
1058 2640 1256 2706 decretis

101 2826 104 2838 ¹
151 2777 156 2788 ·
192 2753 346 2830 hortatio,
369 2771 411 2818 ne
441 2752 509 2818 eius
539 2749 687 2833 pudeat
716 2746 1009 2830 concupiscere
1038 2748 1275 2826 tartunam,¹

193 2853 1260 2942 ouiusnomonsusceperit,ccnsulerisautCiceronis

193 2967 277 3032 est?
319 2966 422 3049 Atque
437 2967 527 3030 huius
540 2960 763 3029 emendationis
779 2981 838 3027 non
854 2961 965 3045 exigna
978 2961 1129 3042 persiam
1146 2957 1260 3025 Orellio

193 3074 226 3138 iu
247 3077 382 3138 mentem
405 3075 540 3149 venerat,
563 3071 616 3135 sed
638 3069 727 3134 initio
751 3069 836 3134 etin
857 3067 917 3132 fine
939 3067 1077 3133 nonnihil
1097 3064 1275 3133 aberravit(

294 3179 373 3256 ltid.
390 3192 460 3272 §¹42
480 3190 569 3255 Haec
587 3187 686 3253 mihi
709 3181 1100 3253 ridentanioeroni
1121 3185 1261 3250 ultima

195 3317 281 3364 esee
313 3297 351 3363 in
385 3296 504 3362 maiis
539 3297 596 3360 eet.
647 3296 716 3360 Non
746 3295 819 3379 quid
843 3295 938 3359 Bruto
961 3293 1101 3359 videatur
1122 3290 1261 3356 Ciceroni

195 3405 338 3471 ultimum
362 3423 438 3482 esse,
463 3404 618 3487 queritur,
639 3401 694 3468 sed
710 3400 784 3485 qnid
800 3401 935 3466 Ciceroni
950 3400 1095 3465 ultimum
1110 3397 1260 3471 videatur,

196 3511 430 3578 dissentientia
453 3509 543 3574 Bruti
575 3507 688 3574 iudicio
722 3510 760 3573 de
793 3507 903 3573 iisdem
936 3505 1037 3570 rebus.
1088 3504 1202 3568 Brutus
1220 3501 1262 3566 ad

196 3622 275 3686 hanc
295 3619 426 3684 formam
447 3615 626 3698 scripserat:
655 3617 742 3680 Haec
766 3611 864 3679 mihi
884 3609 1052 3692 <levia>
1069 3609 1262 3682 videntur,

196 3726 379 3792 Ciceroni
401 3724 546 3788 ultima
566 3740 655 3788 esse
676 3721 714 3787 in
738 3719 865 3785 maiis.

250 3980 276 4050 *)
294 3984 413 4053 Reliqua
426 3945 521 4038 eodem
535 3949 624 4050 modd,
644 3996 700 4052 quo
722 3995 772 4048 ego
792 3974 916 4034 sananda
934 3978 1138 4040 adnotaveram,
1157 3970 1263 4026 sanavit

296 4078 351 4132 iam
366 4075 587 4152 ¹Wesenbergius
618 4064 734 4128 sublate
759 4061 898 4141 particule
930 4083 984 4135 en,
1017 4082 1078 4136 quae
1110 4070 1173 4119 aute
1200 4066 1263 4119 An·

297 4171 423 4225 torrium
443 4168 543 4222 litteris
562 4167 709 4236 geminetis
728 4172 789 4221 orta
807 4169 857 4220 est.
1129 4161 1132 4168 ’
