<?xml version="1.0" encoding="UTF-8"?>
<!DOCTYPE html PUBLIC "-//W3C//DTD XHTML 1.0 Transitional//EN"
    "http://www.w3.org/TR/xhtml1/DTD/xhtml1-transitional.dtd">
<html xmlns="http://www.w3.org/1999/xhtml" xml:lang="en" lang="en">
 <head>
  <title>
</title>
<meta http-equiv="Content-Type" content="text/html;charset=utf-8" />
  <meta name='ocr-system' content='tesseract 3.04.00' />
  <meta name='ocr-capabilities' content='ocr_page ocr_carea ocr_par ocr_line ocrx_word'/>
</head>
<body>
  <div class='ocr_page' id='page_1' title='image "./adversariacriti04madvgoog_0031.png"; bbox 0 0 2974 4660; ppageno 0'>
   <div class='ocr_carea' id='block_1_1' title="bbox 302 279 918 350">
    <p class='ocr_par' dir='ltr' id='par_1_1' title="bbox 302 279 918 350">
     <span class='ocr_line' id='line_1_1' title="bbox 302 279 918 350; baseline -0.016 -7"><span class='ocrx_word' id='word_1_1' title='bbox 302 281 343 344; x_wconf 76' lang='lat'>24</span> <span class='ocrx_word' id='word_1_2' title='bbox 675 281 736 336; x_wconf 84' lang='lat' dir='ltr'>Lib.</span> <span class='ocrx_word' id='word_1_3' title='bbox 755 281 778 335; x_wconf 84' lang='lat'>1.</span> <span class='ocrx_word' id='word_1_4' title='bbox 798 282 862 350; x_wconf 73' lang='lat' dir='ltr'>Gap</span> <span class='ocrx_word' id='word_1_5' title='bbox 880 279 918 334; x_wconf 84' lang='lat' dir='ltr'>II.</span> 
     </span>
    </p>
   </div>
   <div class='ocr_carea' id='block_1_2' title="bbox 260 459 1333 991">
    <p class='ocr_par' dir='ltr' id='par_1_2' title="bbox 260 459 1333 991">
     <span class='ocr_line' id='line_1_2' title="bbox 260 459 1333 564; baseline -0.006 -19"><span class='ocrx_word' id='word_1_6' title='bbox 260 479 307 545; x_wconf 79' lang='lat' dir='ltr'>Ex</span> <span class='ocrx_word' id='word_1_7' title='bbox 328 485 428 554; x_wconf 78' lang='grc' dir='ltr'><strong><em>θεοῖς</em></strong></span> <span class='ocrx_word' id='word_1_8' title='bbox 453 485 531 564; x_wconf 82' lang='grc' dir='ltr'><strong><em>οἴην</em></strong></span> <span class='ocrx_word' id='word_1_9' title='bbox 551 477 708 562; x_wconf 72' lang='lat' dir='ltr'>geminate</span> <span class='ocrx_word' id='word_1_10' title='bbox 728 494 802 544; x_wconf 83' lang='lat' dir='ltr'>rooe</span> <span class='ocrx_word' id='word_1_11' title='bbox 822 479 924 542; x_wconf 86' lang='lat' dir='ltr'>ortum</span> <span class='ocrx_word' id='word_1_12' title='bbox 946 479 995 542; x_wconf 84' lang='lat' dir='ltr'>est</span> <span class='ocrx_word' id='word_1_13' title='bbox 1023 459 1219 562; x_wconf 76' lang='grc' dir='ltr'><strong><em>θεογονίην.</em></strong></span> <span class='ocrx_word' id='word_1_14' title='bbox 1273 471 1333 540; x_wconf 81' lang='grc' dir='ltr'>οο-</span> 
     </span>
     <span class='ocr_line' id='line_1_3' title="bbox 262 581 1331 668; baseline -0.007 -16"><span class='ocrx_word' id='word_1_15' title='bbox 262 587 364 652; x_wconf 88' lang='lat' dir='ltr'>ternm</span> <span class='ocrx_word' id='word_1_16' title='bbox 386 604 447 652; x_wconf 93' lang='lat' dir='ltr'>non</span> <span class='ocrx_word' id='word_1_17' title='bbox 469 583 704 659; x_wconf 79' lang='lat' dir='ltr'>intercessorim</span> <span class='ocrx_word' id='word_1_18' title='bbox 727 583 753 647; x_wconf 90' lang='lat' dir='ltr'>si</span> <span class='ocrx_word' id='word_1_19' title='bbox 776 582 844 665; x_wconf 88' lang='lat' dir='ltr'>quis</span> <span class='ocrx_word' id='word_1_20' title='bbox 866 600 922 665; x_wconf 93' lang='lat' dir='ltr'>pro</span> <span class='ocrx_word' id='word_1_21' title='bbox 944 583 1076 668; x_wconf 76' lang='grc' dir='ltr'><strong><em>λέγουσι</em></strong></span> <span class='ocrx_word' id='word_1_22' title='bbox 1094 581 1188 649; x_wconf 89' lang='lat' dir='ltr'>soribi</span> <span class='ocrx_word' id='word_1_23' title='bbox 1202 581 1331 647; x_wconf 85' lang='lat' dir='ltr'>iusserit</span> 
     </span>
     <span class='ocr_line' id='line_1_4' title="bbox 262 685 1328 776; baseline -0.008 -17"><span class='ocrx_word' id='word_1_24' title='bbox 262 695 412 760; x_wconf 76' lang='grc' dir='ltr'><strong><em>θέλουσι.</em></strong></span> <span class='ocrx_word' id='word_1_25' title='bbox 454 691 522 758; x_wconf 85' lang='lat' dir='ltr'>Non</span> <span class='ocrx_word' id='word_1_26' title='bbox 550 691 707 774; x_wconf 78' lang='lat' dir='ltr'>queritur,</span> <span class='ocrx_word' id='word_1_27' title='bbox 736 688 860 772; x_wconf 75' lang='lat' dir='ltr'>qualem</span> <span class='ocrx_word' id='word_1_28' title='bbox 889 687 993 754; x_wconf 79' lang='lat' dir='ltr'>droant</span> <span class='ocrx_word' id='word_1_29' title='bbox 1013 685 1150 776; x_wconf 76' lang='grc' dir='ltr'><strong><em>ἐπῳδήν</em></strong></span> <span class='ocrx_word' id='word_1_30' title='bbox 1171 705 1247 768; x_wconf 84' lang='grc' dir='ltr'><strong><em>εεεε,</em></strong></span> <span class='ocrx_word' id='word_1_31' title='bbox 1273 687 1328 752; x_wconf 88' lang='lat' dir='ltr'>sod</span> 
     </span>
     <span class='ocr_line' id='line_1_5' title="bbox 262 792 1328 883; baseline -0.007 -18"><span class='ocrx_word' id='word_1_32' title='bbox 262 798 457 883; x_wconf 83' lang='lat' dir='ltr'>significetur</span> <span class='ocrx_word' id='word_1_33' title='bbox 478 797 643 862; x_wconf 75' lang='lat' dir='ltr'>formulam</span> <span class='ocrx_word' id='word_1_34' title='bbox 664 792 842 860; x_wconf 77' lang='lat' dir='ltr'>inmutandi</span> <span class='ocrx_word' id='word_1_35' title='bbox 856 795 1066 879; x_wconf 81' lang='lat' dir='ltr'>praesoriptum</span> <span class='ocrx_word' id='word_1_36' title='bbox 1081 813 1149 862; x_wconf 85' lang='lat' dir='ltr'>osse</span> <span class='ocrx_word' id='word_1_37' title='bbox 1163 794 1328 860; x_wconf 80' lang='lat' dir='ltr'><strong>Persarum</strong></span> 
     </span>
     <span class='ocr_line' id='line_1_6' title="bbox 262 903 577 991; baseline -0.01 -19"><span class='ocrx_word' id='word_1_38' title='bbox 262 913 294 973; x_wconf 90' lang='lat' dir='ltr'>ot</span> <span class='ocrx_word' id='word_1_39' title='bbox 314 906 476 991; x_wconf 80' lang='lat' dir='ltr'><strong>Magorum</strong></span> <span class='ocrx_word' id='word_1_40' title='bbox 497 903 577 988; x_wconf 77' lang='lat' dir='ltr'>logo.</span> 
     </span>
    </p>
   </div>
   <div class='ocr_carea' id='block_1_3' title="bbox 262 1042 1331 1882">
    <p class='ocr_par' dir='ltr' id='par_1_3' title="bbox 262 1042 1331 1882">
     <span class='ocr_line' id='line_1_7' title="bbox 361 1042 1329 1130; baseline -0.005 -17"><span class='ocrx_word' id='word_1_41' title='bbox 361 1046 440 1113; x_wconf 85' lang='lat' dir='ltr'>ibid.</span> <span class='ocrx_word' id='word_1_42' title='bbox 464 1045 539 1110; x_wconf 82' lang='lat'><strong>195:</strong></span> <span class='ocrx_word' id='word_1_43' title='bbox 563 1043 683 1126; x_wconf 80' lang='grc' dir='ltr'><strong><em>ἐσθῆτι</em></strong></span> <span class='ocrx_word' id='word_1_44' title='bbox 707 1042 739 1107; x_wconf 80' lang='grc' dir='ltr'>δὲ</span> <span class='ocrx_word' id='word_1_45' title='bbox 763 1043 876 1130; x_wconf 80' lang='grc' dir='ltr'><strong><em>τοιῇδε</em></strong></span> <span class='ocrx_word' id='word_1_46' title='bbox 899 1047 1066 1130; x_wconf 84' lang='grc' dir='ltr'><strong><em>χρέονται,</em></strong></span> <span class='ocrx_word' id='word_1_47' title='bbox 1086 1043 1208 1108; x_wconf 78' lang='grc' dir='ltr'><strong><em>κιθιῆνι</em></strong></span> <span class='ocrx_word' id='word_1_48' title='bbox 1224 1043 1329 1126; x_wconf 83' lang='grc' dir='ltr'><strong><em>ποδη·</em></strong></span> 
     </span>
     <span class='ocr_line' id='line_1_8' title="bbox 262 1147 1325 1238; baseline -0.003 -19"><span class='ocrx_word' id='word_1_49' title='bbox 262 1159 356 1220; x_wconf 81' lang='grc' dir='ltr'><strong><em>νεκέῖ·</em></strong></span> <span class='ocrx_word' id='word_1_50' title='bbox 385 1154 500 1238; x_wconf 82' lang='grc' dir='ltr'><strong><em>λινέῳ,</em></strong></span> <span class='ocrx_word' id='word_1_51' title='bbox 534 1151 587 1216; x_wconf 89' lang='grc' dir='ltr'><strong><em>καί</em></strong></span> <span class='ocrx_word' id='word_1_52' title='bbox 622 1151 677 1216; x_wconf 82' lang='grc' dir='ltr'>ἐπί</span> <span class='ocrx_word' id='word_1_53' title='bbox 710 1150 835 1216; x_wconf 82' lang='grc' dir='ltr'><strong><em>τούτου</em></strong></span> <span class='ocrx_word' id='word_1_54' title='bbox 870 1147 975 1217; x_wconf 75' lang='grc' dir='ltr'><strong><em>α’λλον</em></strong></span> <span class='ocrx_word' id='word_1_55' title='bbox 1011 1149 1158 1236; x_wconf 76' lang='grc' dir='ltr'>εἰρίνεον</span> <span class='ocrx_word' id='word_1_56' title='bbox 1193 1151 1325 1216; x_wconf 77' lang='grc' dir='ltr'><strong><em>κιθῶνα</em></strong></span> 
     </span>
     <span class='ocr_line' id='line_1_9' title="bbox 264 1251 1327 1344; baseline -0.003 -20"><span class='ocrx_word' id='word_1_57' title='bbox 264 1253 442 1325; x_wconf 74' lang='grc' dir='ltr'><strong><em>ἐπενδύνει</em></strong></span> <span class='ocrx_word' id='word_1_58' title='bbox 473 1260 528 1325; x_wconf 87' lang='grc' dir='ltr'>καλ</span> <span class='ocrx_word' id='word_1_59' title='bbox 558 1257 731 1344; x_wconf 82' lang='grc' dir='ltr'><strong><em>χλανίδιον</em></strong></span> <span class='ocrx_word' id='word_1_60' title='bbox 752 1253 875 1324; x_wconf 86' lang='grc' dir='ltr'><strong><em>λευκιίν</em></strong></span> <span class='ocrx_word' id='word_1_61' title='bbox 896 1251 1200 1343; x_wconf 77' lang='grc' dir='ltr'><strong><em>περιβαλλόμενος.</em></strong></span> <span class='ocrx_word' id='word_1_62' title='bbox 1253 1256 1327 1322; x_wconf 86' lang='lat' dir='ltr'>Per·</span> 
     </span>
     <span class='ocr_line' id='line_1_10' title="bbox 263 1357 1328 1451; baseline -0.003 -21"><span class='ocrx_word' id='word_1_63' title='bbox 263 1385 350 1432; x_wconf 78' lang='lat' dir='ltr'>neree</span> <span class='ocrx_word' id='word_1_64' title='bbox 372 1364 554 1447; x_wconf 72' lang='lat' dir='ltr'>copulantur</span> <span class='ocrx_word' id='word_1_65' title='bbox 576 1357 753 1431; x_wconf 72' lang='grc' dir='ltr'><strong><em>ἐπενδύνει</em></strong></span> <span class='ocrx_word' id='word_1_66' title='bbox 775 1366 829 1430; x_wconf 92' lang='grc' dir='ltr'><strong><em>καί</em></strong></span> <span class='ocrx_word' id='word_1_67' title='bbox 846 1415 854 1432; x_wconf 92' lang='grc'><strong>.</strong></span> <span class='ocrx_word' id='word_1_68' title='bbox 869 1414 876 1430; x_wconf 92' lang='grc'><strong>.</strong></span> <span class='ocrx_word' id='word_1_69' title='bbox 893 1359 1187 1451; x_wconf 76' lang='grc' dir='ltr'><strong><em>περιβαλλόμενος</em></strong></span> <span class='ocrx_word' id='word_1_70' title='bbox 1202 1373 1285 1441; x_wconf 83' lang='lat' dir='ltr'>(nam</span> <span class='ocrx_word' id='word_1_71' title='bbox 1301 1365 1328 1428; x_wconf 85' lang='lat' dir='ltr'>si</span> 
     </span>
     <span class='ocr_line' id='line_1_11' title="bbox 263 1471 1331 1560; baseline -0.003 -23"><span class='ocrx_word' id='word_1_72' title='bbox 263 1471 439 1560; x_wconf 75' lang='grc' dir='ltr'><strong><em>χλανίδιον</em></strong></span> <span class='ocrx_word' id='word_1_73' title='bbox 461 1473 494 1538; x_wconf 88' lang='lat' dir='ltr'>et</span> <span class='ocrx_word' id='word_1_74' title='bbox 516 1475 648 1539; x_wconf 79' lang='grc' dir='ltr'><strong><em>κιθῶνα</em></strong></span> <span class='ocrx_word' id='word_1_75' title='bbox 680 1471 824 1554; x_wconf 82' lang='lat' dir='ltr'>coniungi</span> <span class='ocrx_word' id='word_1_76' title='bbox 853 1471 947 1550; x_wconf 81' lang='lat' dir='ltr'>dions,</span> <span class='ocrx_word' id='word_1_77' title='bbox 979 1473 1171 1554; x_wconf 84' lang='lat' dir='ltr'>ineptissime</span> <span class='ocrx_word' id='word_1_78' title='bbox 1191 1471 1331 1537; x_wconf 77' lang='lat' dir='ltr'><strong>abundat</strong></span> 
     </span>
     <span class='ocr_line' id='line_1_12' title="bbox 264 1572 1329 1664; baseline -0.006 -18"><span class='ocrx_word' id='word_1_79' title='bbox 264 1572 579 1664; x_wconf 76' lang='grc' dir='ltr'><strong><em>περιβαλλόμενος).</em></strong></span> <span class='ocrx_word' id='word_1_80' title='bbox 623 1580 721 1644; x_wconf 78' lang='lat' dir='ltr'>Prusa</span> <span class='ocrx_word' id='word_1_81' title='bbox 735 1579 887 1661; x_wconf 81' lang='lat' dir='ltr'>particule</span> <span class='ocrx_word' id='word_1_82' title='bbox 902 1578 1024 1644; x_wconf 76' lang='lat' dir='ltr'>subluto</span> <span class='ocrx_word' id='word_1_83' title='bbox 1038 1577 1219 1644; x_wconf 85' lang='lat' dir='ltr'>restituetur</span> <span class='ocrx_word' id='word_1_84' title='bbox 1234 1577 1329 1643; x_wconf 87' lang='lat' dir='ltr'>simui</span> 
     </span>
     <span class='ocr_line' id='line_1_13' title="bbox 263 1677 1329 1768; baseline -0.005 -15"><span class='ocrx_word' id='word_1_85' title='bbox 263 1687 376 1753; x_wconf 83' lang='lat' dir='ltr'>rectior</span> <span class='ocrx_word' id='word_1_86' title='bbox 389 1687 474 1750; x_wconf 85' lang='lat' dir='ltr'>vorbi</span> <span class='ocrx_word' id='word_1_87' title='bbox 487 1686 601 1753; x_wconf 85' lang='lat' dir='ltr'>forme:</span> <span class='ocrx_word' id='word_1_88' title='bbox 618 1681 723 1752; x_wconf 77' lang='grc' dir='ltr'><strong><em>ἄλλον</em></strong></span> <span class='ocrx_word' id='word_1_89' title='bbox 734 1683 879 1768; x_wconf 78' lang='grc' dir='ltr'><strong><em>εἰρίνεον</em></strong></span> <span class='ocrx_word' id='word_1_90' title='bbox 895 1685 1026 1750; x_wconf 78' lang='grc' dir='ltr'><strong><em>κιθῶνα</em></strong></span> <span class='ocrx_word' id='word_1_91' title='bbox 1042 1677 1329 1758; x_wconf 80' lang='grc' dir='ltr'><strong><em>ἐπενδύνεται,</em></strong></span> 
     </span>
     <span class='ocr_line' id='line_1_14' title="bbox 263 1786 908 1882; baseline -0.008 -22"><span class='ocrx_word' id='word_1_92' title='bbox 263 1795 439 1882; x_wconf 85' lang='grc' dir='ltr'><strong><em>χλανίδιον</em></strong></span> <span class='ocrx_word' id='word_1_93' title='bbox 461 1786 583 1858; x_wconf 84' lang='grc' dir='ltr'><strong><em>λευκδν</em></strong></span> <span class='ocrx_word' id='word_1_94' title='bbox 605 1789 908 1877; x_wconf 80' lang='grc' dir='ltr'><strong><em>περιβαλλόμενος.</em></strong></span> 
     </span>
    </p>
   </div>
   <div class='ocr_carea' id='block_1_4' title="bbox 265 1923 1333 2551">
    <p class='ocr_par' dir='ltr' id='par_1_4' title="bbox 265 1923 1333 2551">
     <span class='ocr_line' id='line_1_15' title="bbox 363 1923 1331 2020; baseline -0.002 -21"><span class='ocrx_word' id='word_1_95' title='bbox 363 1935 407 2008; x_wconf 89' lang='grc' dir='ltr'>Π,</span> <span class='ocrx_word' id='word_1_96' title='bbox 431 1936 466 1998; x_wconf 79' lang='lat'>7:</span> <span class='ocrx_word' id='word_1_97' title='bbox 500 1927 522 2016; x_wconf 79' lang='grc' dir='ltr'><em>ἡ</em></span> <span class='ocrx_word' id='word_1_98' title='bbox 554 1937 619 2018; x_wconf 76' lang='grc' dir='ltr'><strong><em>μὲν</em></strong></span> <span class='ocrx_word' id='word_1_99' title='bbox 652 1927 717 2020; x_wconf 79' lang='grc' dir='ltr'>γύρ</span> <span class='ocrx_word' id='word_1_100' title='bbox 748 1937 781 2004; x_wconf 79' lang='grc' dir='ltr'>ἐς</span> <span class='ocrx_word' id='word_1_101' title='bbox 803 1932 920 1997; x_wconf 85' lang='grc' dir='ltr'><strong><em>Πῑοαν</em></strong></span> <span class='ocrx_word' id='word_1_102' title='bbox 949 1935 982 2005; x_wconf 79' lang='grc' dir='ltr'>ἐξ</span> <span class='ocrx_word' id='word_1_103' title='bbox 1011 1923 1194 2016; x_wconf 79' lang='grc' dir='ltr'><strong><em>Ἀθηνέων</em></strong></span> <span class='ocrx_word' id='word_1_104' title='bbox 1223 1925 1331 2015; x_wconf 63' lang='lat' dir='ltr'>(dode)</span> 
     </span>
     <span class='ocr_line' id='line_1_16' title="bbox 265 2031 1331 2122; baseline -0.003 -15"><span class='ocrx_word' id='word_1_105' title='bbox 265 2042 404 2108; x_wconf 80' lang='grc' dir='ltr'><strong><em>καταδεῖ</em></strong></span> <span class='ocrx_word' id='word_1_106' title='bbox 426 2041 669 2105; x_wconf 87' lang='grc' dir='ltr'><strong><em>πεντεκαίδεκα</em></strong></span> <span class='ocrx_word' id='word_1_107' title='bbox 693 2038 839 2104; x_wconf 84' lang='grc' dir='ltr'><strong><em>σταδίων</em></strong></span> <span class='ocrx_word' id='word_1_108' title='bbox 862 2031 906 2109; x_wconf 79' lang='grc' dir='ltr'><strong><em>τίς</em></strong></span> <span class='ocrx_word' id='word_1_109' title='bbox 926 2032 977 2122; x_wconf 77' lang='grc' dir='ltr'>μή</span> <span class='ocrx_word' id='word_1_110' title='bbox 994 2035 1079 2103; x_wconf 84' lang='grc' dir='ltr'><strong><em>εἰναι</em></strong></span> <span class='ocrx_word' id='word_1_111' title='bbox 1097 2040 1331 2106; x_wconf 76' lang='grc' dir='ltr'><strong><em>πεντακοσίων</em></strong></span> 
     </span>
     <span class='ocr_line' id='line_1_17' title="bbox 265 2137 1333 2236; baseline -0.004 -21"><span class='ocrx_word' id='word_1_112' title='bbox 265 2151 320 2216; x_wconf 90' lang='grc' dir='ltr'><strong><em>κοί</em></strong></span> <span class='ocrx_word' id='word_1_113' title='bbox 342 2149 470 2236; x_wconf 85' lang='grc' dir='ltr'><strong><em>χιλίων,</em></strong></span> <span class='ocrx_word' id='word_1_114' title='bbox 494 2141 516 2230; x_wconf 80' lang='grc' dir='ltr'><em>ἠ</em></span> <span class='ocrx_word' id='word_1_115' title='bbox 539 2147 573 2212; x_wconf 83' lang='grc' dir='ltr'>δὲ</span> <span class='ocrx_word' id='word_1_116' title='bbox 597 2154 630 2218; x_wconf 73' lang='grc' dir='ltr'>ἐς</span> <span class='ocrx_word' id='word_1_117' title='bbox 650 2140 776 2212; x_wconf 81' lang='grc' dir='ltr'><strong><em>Ἡλίου</em></strong></span> <span class='ocrx_word' id='word_1_118' title='bbox 797 2139 899 2210; x_wconf 89' lang='grc' dir='ltr'><strong><em>πόλιν</em></strong></span> <span class='ocrx_word' id='word_1_119' title='bbox 920 2137 989 2209; x_wconf 76' lang='grc' dir='ltr'><strong><em>α’πδ</em></strong></span> <span class='ocrx_word' id='word_1_120' title='bbox 1013 2141 1192 2231; x_wconf 80' lang='grc' dir='ltr'><strong><em>θαλύοοης</em></strong></span> <span class='ocrx_word' id='word_1_121' title='bbox 1206 2149 1333 2230; x_wconf 91' lang='grc' dir='ltr'><strong><em>πληροῖ</em></strong></span> 
     </span>
     <span class='ocr_line' id='line_1_18' title="bbox 265 2250 1333 2340; baseline -0.002 -20"><span class='ocrx_word' id='word_1_122' title='bbox 265 2264 300 2330; x_wconf 80' lang='grc' dir='ltr'>ἐς</span> <span class='ocrx_word' id='word_1_123' title='bbox 320 2253 383 2321; x_wconf 86' lang='grc' dir='ltr'>τύν</span> <span class='ocrx_word' id='word_1_124' title='bbox 405 2250 561 2340; x_wconf 78' lang='grc' dir='ltr'><strong><em>α’ριθμύν</em></strong></span> <span class='ocrx_word' id='word_1_125' title='bbox 582 2253 716 2321; x_wconf 76' lang='grc' dir='ltr'><strong><em>τοῦτον.</em></strong></span> <span class='ocrx_word' id='word_1_126' title='bbox 764 2252 966 2317; x_wconf 85' lang='lat' dir='ltr'>Scribendum</span> <span class='ocrx_word' id='word_1_127' title='bbox 988 2253 1053 2318; x_wconf 87' lang='lat' dir='ltr'>sine</span> <span class='ocrx_word' id='word_1_128' title='bbox 1075 2253 1184 2319; x_wconf 92' lang='lat' dir='ltr'>dnbio:</span> <span class='ocrx_word' id='word_1_129' title='bbox 1207 2256 1333 2339; x_wconf 87' lang='grc' dir='ltr'><strong><em>πληροῖ</em></strong></span> 
     </span>
     <span class='ocr_line' id='line_1_19' title="bbox 265 2355 1329 2447; baseline 0 -19"><span class='ocrx_word' id='word_1_130' title='bbox 265 2362 327 2430; x_wconf 80' lang='grc' dir='ltr'><strong><em>τόν</em></strong></span> <span class='ocrx_word' id='word_1_131' title='bbox 349 2355 506 2447; x_wconf 81' lang='grc' dir='ltr'><strong><em>ε’ριθμδν</em></strong></span> <span class='ocrx_word' id='word_1_132' title='bbox 528 2361 666 2437; x_wconf 60' lang='lat' dir='ltr'>rodomo</span> <span class='ocrx_word' id='word_1_133' title='bbox 700 2359 758 2424; x_wconf 90' lang='lat' dir='ltr'>hoo</span> <span class='ocrx_word' id='word_1_134' title='bbox 779 2364 861 2424; x_wconf 85' lang='lat' dir='ltr'>recte</span> <span class='ocrx_word' id='word_1_135' title='bbox 883 2359 1070 2425; x_wconf 80' lang='lat' dir='ltr'>eontrarium</span> <span class='ocrx_word' id='word_1_136' title='bbox 1093 2363 1140 2426; x_wconf 84' lang='lat' dir='ltr'>ost</span> <span class='ocrx_word' id='word_1_137' title='bbox 1161 2362 1208 2427; x_wconf 90' lang='lat' dir='ltr'>illi</span> <span class='ocrx_word' id='word_1_138' title='bbox 1230 2387 1329 2428; x_wconf 83' lang='grc' dir='ltr'><strong><em>κατα·</em></strong></span> 
     </span>
     <span class='ocr_line' id='line_1_20' title="bbox 266 2467 1332 2551; baseline -0.004 -13"><span class='ocrx_word' id='word_1_139' title='bbox 266 2473 339 2538; x_wconf 88' lang='grc' dir='ltr'><strong><em>δεῖν</em></strong></span> <span class='ocrx_word' id='word_1_140' title='bbox 361 2469 516 2536; x_wconf 80' lang='grc' dir='ltr'><strong><em>σταδίων.</em></strong></span> <span class='ocrx_word' id='word_1_141' title='bbox 559 2467 706 2551; x_wconf 79' lang='lat' dir='ltr'>Expletur</span> <span class='ocrx_word' id='word_1_142' title='bbox 727 2485 882 2539; x_wconf 86' lang='lat' dir='ltr'>numeros,</span> <span class='ocrx_word' id='word_1_143' title='bbox 903 2483 964 2532; x_wconf 89' lang='lat' dir='ltr'>non</span> <span class='ocrx_word' id='word_1_144' title='bbox 985 2467 1149 2549; x_wconf 80' lang='lat' dir='ltr'>explentur</span> <span class='ocrx_word' id='word_1_145' title='bbox 1170 2468 1270 2534; x_wconf 80' lang='lat' dir='ltr'>stadie</span> <span class='ocrx_word' id='word_1_146' title='bbox 1290 2469 1332 2534; x_wconf 86' lang='lat' dir='ltr'>nd</span> 
     </span>
    </p>
   </div>
   <div class='ocr_carea' id='block_1_5' title="bbox 178 2588 436 2644">
    <p class='ocr_par' dir='ltr' id='par_1_5' title="bbox 178 2588 436 2644">
     <span class='ocr_line' id='line_1_21' title="bbox 178 2588 436 2644; baseline -0.019 -1"><span class='ocrx_word' id='word_1_147' title='bbox 178 2588 182 2600; x_wconf 75' lang='grc'><strong>’</strong></span> <span class='ocrx_word' id='word_1_148' title='bbox 265 2595 436 2644; x_wconf 73' lang='lat' dir='ltr'>numerum.</span> 
     </span>
    </p>
   </div>
   <div class='ocr_carea' id='block_1_6' title="bbox 266 2686 1338 2907">
    <p class='ocr_par' dir='ltr' id='par_1_6' title="bbox 266 2686 1338 2907">
     <span class='ocr_line' id='line_1_22' title="bbox 301 2686 1332 2798; baseline 0 -18"><span class='ocrx_word' id='word_1_149' title='bbox 301 2783 305 2790; x_wconf 72' lang='grc'><strong><em>,</em></strong></span> <span class='ocrx_word' id='word_1_150' title='bbox 366 2714 447 2781; x_wconf 87' lang='lat' dir='ltr'>loid.</span> <span class='ocrx_word' id='word_1_151' title='bbox 474 2715 511 2778; x_wconf 87' lang='lat'>8:</span> <span class='ocrx_word' id='word_1_152' title='bbox 546 2715 650 2780; x_wconf 85' lang='grc' dir='ltr'><strong><em>τούτο</em></strong></span> <span class='ocrx_word' id='word_1_153' title='bbox 681 2715 748 2798; x_wconf 83' lang='grc' dir='ltr'><strong><em>μέν</em></strong></span> <span class='ocrx_word' id='word_1_154' title='bbox 780 2737 844 2780; x_wconf 91' lang='grc' dir='ltr'>νυν</span> <span class='ocrx_word' id='word_1_155' title='bbox 876 2706 914 2778; x_wconf 85' lang='grc' dir='ltr'><strong><em>τύ</em></strong></span> <span class='ocrx_word' id='word_1_156' title='bbox 949 2703 1050 2796; x_wconf 81' lang='grc' dir='ltr'><strong><em>οὖρος</em></strong></span> <span class='ocrx_word' id='word_1_157' title='bbox 1069 2686 1130 2789; x_wconf 59' lang='lat' dir='ltr'>tud</span> <span class='ocrx_word' id='word_1_158' title='bbox 1152 2715 1332 2782; x_wconf 71' lang='lat' dir='ltr'>orientalem</span> 
     </span>
     <span class='ocr_line' id='line_1_23' title="bbox 266 2812 1338 2907; baseline 0 -20"><span class='ocrx_word' id='word_1_159' title='bbox 266 2824 387 2906; x_wconf 81' lang='lat' dir='ltr'>purtem</span> <span class='ocrx_word' id='word_1_160' title='bbox 407 2821 549 2906; x_wconf 80' lang='lat' dir='ltr'>AEgypti)</span> <span class='ocrx_word' id='word_1_161' title='bbox 578 2814 712 2890; x_wconf 78' lang='grc' dir='ltr'><strong><em>τοιοῦτό</em></strong></span> <span class='ocrx_word' id='word_1_162' title='bbox 746 2824 829 2896; x_wconf 73' lang='lat' dir='ltr'>dore,</span> <span class='ocrx_word' id='word_1_163' title='bbox 860 2812 899 2884; x_wconf 86' lang='grc' dir='ltr'><strong><em>τύ</em></strong></span> <span class='ocrx_word' id='word_1_164' title='bbox 927 2819 961 2884; x_wconf 81' lang='grc' dir='ltr'>δὲ</span> <span class='ocrx_word' id='word_1_165' title='bbox 990 2813 1078 2905; x_wconf 77' lang='grc' dir='ltr'><strong><em>πρύς</em></strong></span> <span class='ocrx_word' id='word_1_166' title='bbox 1104 2815 1242 2907; x_wconf 78' lang='grc' dir='ltr'><strong><em>Λιβύης</em></strong></span> <span class='ocrx_word' id='word_1_167' title='bbox 1270 2823 1338 2906; x_wconf 75' lang='grc' dir='ltr'><strong><em>τῆς·</em></strong></span> 
     </span>
    </p>
   </div>
   <div class='ocr_carea' id='block_1_7' title="bbox 266 2917 1332 3015">
    <p class='ocr_par' dir='ltr' id='par_1_7' title="bbox 266 2917 1332 3015">
     <span class='ocr_line' id='line_1_24' title="bbox 266 2917 1332 3015; baseline 0 -19"><span class='ocrx_word' id='word_1_168' title='bbox 266 2919 451 3014; x_wconf 73' lang='grc' dir='ltr'>Αἰγύπτου</span> <span class='ocrx_word' id='word_1_169' title='bbox 473 2917 572 3012; x_wconf 80' lang='grc' dir='ltr'><strong><em>ούρος</em></strong></span> <span class='ocrx_word' id='word_1_170' title='bbox 594 2923 678 2991; x_wconf 79' lang='grc' dir='ltr'><strong><em>ἄλλο</em></strong></span> <span class='ocrx_word' id='word_1_171' title='bbox 701 2930 861 3011; x_wconf 74' lang='grc' dir='ltr'><strong><em>πέτρινον</em></strong></span> <span class='ocrx_word' id='word_1_172' title='bbox 887 2925 1004 3001; x_wconf 88' lang='grc' dir='ltr'><strong><em>τείνει,</em></strong></span> <span class='ocrx_word' id='word_1_173' title='bbox 1034 2932 1071 2991; x_wconf 78' lang='grc' dir='ltr'><strong><em>ἐν</em></strong></span> <span class='ocrx_word' id='word_1_174' title='bbox 1097 2929 1143 3013; x_wconf 75' lang='grc' dir='ltr'><strong><em>τῷ</em></strong></span> <span class='ocrx_word' id='word_1_175' title='bbox 1166 2934 1201 2994; x_wconf 89' lang='grc' dir='ltr'><strong><em>αἱ</em></strong></span> <span class='ocrx_word' id='word_1_176' title='bbox 1223 2955 1332 3015; x_wconf 87' lang='grc' dir='ltr'><strong><em>πυρα·</em></strong></span> 
     </span>
    </p>
   </div>
   <div class='ocr_carea' id='block_1_8' title="bbox 265 3026 1475 3122">
    <p class='ocr_par' dir='ltr' id='par_1_8' title="bbox 265 3026 1475 3122">
     <span class='ocr_line' id='line_1_25' title="bbox 265 3026 1475 3122; baseline 0.001 -23"><span class='ocrx_word' id='word_1_177' title='bbox 265 3035 365 3120; x_wconf 79' lang='grc' dir='ltr'><strong><em>μίδες</em></strong></span> <span class='ocrx_word' id='word_1_178' title='bbox 387 3039 501 3106; x_wconf 84' lang='grc' dir='ltr'><strong><em>ἔνεισι,</em></strong></span> <span class='ocrx_word' id='word_1_179' title='bbox 523 3026 656 3118; x_wconf 66' lang='lat' dir='ltr'>poppo</span> <span class='ocrx_word' id='word_1_180' title='bbox 679 3034 933 3116; x_wconf 82' lang='grc' dir='ltr'><strong><em>κατειλυμένον,</em></strong></span> <span class='ocrx_word' id='word_1_181' title='bbox 949 3040 1136 3118; x_wconf 72' lang='grc' dir='ltr'><strong><em>τεταμένον</em></strong></span> <span class='ocrx_word' id='word_1_182' title='bbox 1149 3031 1212 3101; x_wconf 80' lang='grc' dir='ltr'>τόν</span> <span class='ocrx_word' id='word_1_183' title='bbox 1226 3029 1340 3122; x_wconf 34' lang='grc' dir='ltr'><strong><em>αύτδν,</em></strong></span> <span class='ocrx_word' id='word_1_184' title='bbox 1474 3077 1475 3084; x_wconf 44' lang='lat'>1</span> 
     </span>
    </p>
   </div>
   <div class='ocr_carea' id='block_1_9' title="bbox 266 3131 1331 3228">
    <p class='ocr_par' dir='ltr' id='par_1_9' title="bbox 266 3131 1331 3228">
     <span class='ocr_line' id='line_1_26' title="bbox 266 3131 1331 3228; baseline -0.002 -21"><span class='ocrx_word' id='word_1_185' title='bbox 266 3133 467 3225; x_wconf 78' lang='grc' dir='ltr'><strong><em>τρόπονκαὶ</em></strong></span> <span class='ocrx_word' id='word_1_186' title='bbox 490 3139 552 3206; x_wconf 84' lang='grc' dir='ltr'><strong><em>τού</em></strong></span> <span class='ocrx_word' id='word_1_187' title='bbox 574 3131 743 3224; x_wconf 78' lang='grc' dir='ltr'><strong><em>Ἀραβίου</em></strong></span> <span class='ocrx_word' id='word_1_188' title='bbox 764 3134 805 3203; x_wconf 78' lang='grc' dir='ltr'><strong><em>τύ</em></strong></span> <span class='ocrx_word' id='word_1_189' title='bbox 828 3134 914 3226; x_wconf 76' lang='grc' dir='ltr'><strong><em>πρὸς</em></strong></span> <span class='ocrx_word' id='word_1_190' title='bbox 934 3139 1157 3227; x_wconf 86' lang='grc' dir='ltr'><strong><em>μεσαμβρίην</em></strong></span> <span class='ocrx_word' id='word_1_191' title='bbox 1178 3147 1331 3228; x_wconf 86' lang='grc' dir='ltr'><strong><em>φέροντα.</em></strong></span> 
     </span>
    </p>
   </div>
   <div class='ocr_carea' id='block_1_10' title="bbox 267 3245 1437 3330">
    <p class='ocr_par' dir='ltr' id='par_1_10' title="bbox 267 3245 1437 3330">
     <span class='ocr_line' id='line_1_27' title="bbox 267 3245 1437 3330; baseline 0.001 -17"><span class='ocrx_word' id='word_1_192' title='bbox 267 3248 349 3314; x_wconf 82' lang='lat' dir='ltr'>Mire</span> <span class='ocrx_word' id='word_1_193' title='bbox 369 3247 453 3312; x_wconf 88' lang='lat' dir='ltr'>inter</span> <span class='ocrx_word' id='word_1_194' title='bbox 474 3265 520 3324; x_wconf 82' lang='lat' dir='ltr'>on,</span> <span class='ocrx_word' id='word_1_195' title='bbox 543 3263 611 3328; x_wconf 81' lang='lat' dir='ltr'>quoe</span> <span class='ocrx_word' id='word_1_196' title='bbox 633 3245 672 3310; x_wconf 84' lang='lat' dir='ltr'>ad</span> <span class='ocrx_word' id='word_1_197' title='bbox 694 3249 837 3310; x_wconf 80' lang='lat' dir='ltr'>naturum</span> <span class='ocrx_word' id='word_1_198' title='bbox 858 3245 972 3312; x_wconf 85' lang='lat' dir='ltr'>montis</span> <span class='ocrx_word' id='word_1_199' title='bbox 986 3247 1083 3330; x_wconf 90' lang='lat' dir='ltr'>ipsius</span> <span class='ocrx_word' id='word_1_200' title='bbox 1099 3248 1337 3316; x_wconf 77' lang='lat' dir='ltr'>describendam·</span> <span class='ocrx_word' id='word_1_201' title='bbox 1434 3251 1437 3258; x_wconf 83' lang='lat'>&#39;</span> 
     </span>
    </p>
   </div>
   <div class='ocr_carea' id='block_1_11' title="bbox 266 3345 1341 4182">
    <p class='ocr_par' dir='ltr' id='par_1_11' title="bbox 266 3345 1341 4182">
     <span class='ocr_line' id='line_1_28' title="bbox 266 3345 1340 3439; baseline 0.001 -19"><span class='ocrx_word' id='word_1_202' title='bbox 266 3354 423 3439; x_wconf 86' lang='lat' dir='ltr'>portinent</span> <span class='ocrx_word' id='word_1_203' title='bbox 444 3345 793 3437; x_wconf 73' lang='grc' dir='ltr'><strong><em>(πέτρινον-ψάμμῳ</em></strong></span> <span class='ocrx_word' id='word_1_204' title='bbox 826 3354 1094 3436; x_wconf 82' lang='grc' dir='ltr'><strong><em>κατειλυμένον),</em></strong></span> <span class='ocrx_word' id='word_1_205' title='bbox 1125 3354 1340 3439; x_wconf 74' lang='lat' dir='ltr'>interponitur</span> 
     </span>
     <span class='ocr_line' id='line_1_29' title="bbox 267 3457 1332 3545; baseline 0.004 -21"><span class='ocrx_word' id='word_1_206' title='bbox 267 3459 320 3526; x_wconf 81' lang='lat' dir='ltr'>ille</span> <span class='ocrx_word' id='word_1_207' title='bbox 338 3459 376 3525; x_wconf 84' lang='lat' dir='ltr'>de</span> <span class='ocrx_word' id='word_1_208' title='bbox 398 3459 608 3543; x_wconf 79' lang='lat' dir='ltr'>pyramidibus</span> <span class='ocrx_word' id='word_1_209' title='bbox 630 3458 816 3535; x_wconf 80' lang='lat' dir='ltr'>admonitio;</span> <span class='ocrx_word' id='word_1_210' title='bbox 837 3457 892 3523; x_wconf 84' lang='lat' dir='ltr'>sod</span> <span class='ocrx_word' id='word_1_211' title='bbox 914 3458 1006 3544; x_wconf 82' lang='lat' dir='ltr'>longo</span> <span class='ocrx_word' id='word_1_212' title='bbox 1027 3461 1149 3543; x_wconf 77' lang='lat' dir='ltr'>gravius</span> <span class='ocrx_word' id='word_1_213' title='bbox 1171 3464 1227 3536; x_wconf 86' lang='lat' dir='ltr'>est,</span> <span class='ocrx_word' id='word_1_214' title='bbox 1250 3464 1332 3545; x_wconf 89' lang='lat' dir='ltr'>quod</span> 
     </span>
     <span class='ocr_line' id='line_1_30' title="bbox 267 3563 1332 3649; baseline 0.004 -20"><span class='ocrx_word' id='word_1_215' title='bbox 267 3584 366 3648; x_wconf 85' lang='lat' dir='ltr'>neque</span> <span class='ocrx_word' id='word_1_216' title='bbox 377 3563 554 3630; x_wconf 87' lang='lat' dir='ltr'>Herodotus</span> <span class='ocrx_word' id='word_1_217' title='bbox 567 3565 640 3630; x_wconf 82' lang='lat' dir='ltr'>olibi</span> <span class='ocrx_word' id='word_1_218' title='bbox 655 3583 753 3649; x_wconf 84' lang='lat' dir='ltr'>nequo</span> <span class='ocrx_word' id='word_1_219' title='bbox 768 3565 930 3647; x_wconf 83' lang='lat' dir='ltr'>quisquam</span> <span class='ocrx_word' id='word_1_220' title='bbox 945 3585 1094 3648; x_wconf 84' lang='lat' dir='ltr'>nmquam</span> <span class='ocrx_word' id='word_1_221' title='bbox 1110 3569 1216 3632; x_wconf 80' lang='lat' dir='ltr'>contre</span> <span class='ocrx_word' id='word_1_222' title='bbox 1232 3587 1332 3633; x_wconf 88' lang='lat' dir='ltr'>rerum</span> 
     </span>
     <span class='ocr_line' id='line_1_31' title="bbox 267 3670 1333 3757; baseline 0.003 -21"><span class='ocrx_word' id='word_1_223' title='bbox 267 3672 360 3736; x_wconf 84' lang='lat' dir='ltr'>fidem</span> <span class='ocrx_word' id='word_1_224' title='bbox 384 3670 519 3736; x_wconf 69' lang='lat' dir='ltr'>nunaut</span> <span class='ocrx_word' id='word_1_225' title='bbox 538 3673 710 3756; x_wconf 75' lang='lat' dir='ltr'>pyramides</span> <span class='ocrx_word' id='word_1_226' title='bbox 732 3672 763 3735; x_wconf 93' lang='lat' dir='ltr'>in</span> <span class='ocrx_word' id='word_1_227' title='bbox 785 3674 890 3736; x_wconf 89' lang='lat' dir='ltr'>monte</span> <span class='ocrx_word' id='word_1_228' title='bbox 911 3670 1025 3756; x_wconf 76' lang='lat' dir='ltr'>Libyco</span> <span class='ocrx_word' id='word_1_229' title='bbox 1047 3673 1123 3737; x_wconf 83' lang='lat' dir='ltr'>sitos</span> <span class='ocrx_word' id='word_1_230' title='bbox 1146 3691 1222 3752; x_wconf 81' lang='lat' dir='ltr'>esso,</span> <span class='ocrx_word' id='word_1_231' title='bbox 1255 3692 1333 3757; x_wconf 85' lang='lat' dir='ltr'>ques</span> 
     </span>
     <span class='ocr_line' id='line_1_32' title="bbox 268 3775 1332 3859; baseline 0.001 -16"><span class='ocrx_word' id='word_1_232' title='bbox 268 3795 374 3843; x_wconf 82' lang='lat' dir='ltr'>omnes</span> <span class='ocrx_word' id='word_1_233' title='bbox 395 3775 544 3856; x_wconf 78' lang='lat' dir='ltr'>norimus,</span> <span class='ocrx_word' id='word_1_234' title='bbox 571 3777 730 3844; x_wconf 81' lang='lat' dir='ltr'>Herodoto</span> <span class='ocrx_word' id='word_1_235' title='bbox 758 3776 826 3859; x_wconf 90' lang='lat' dir='ltr'>ipso</span> <span class='ocrx_word' id='word_1_236' title='bbox 854 3777 989 3858; x_wconf 90' lang='lat' dir='ltr'>primum</span> <span class='ocrx_word' id='word_1_237' title='bbox 1018 3780 1109 3857; x_wconf 88' lang='lat' dir='ltr'>tosto,</span> <span class='ocrx_word' id='word_1_238' title='bbox 1139 3778 1167 3844; x_wconf 89' lang='lat' dir='ltr'>si</span> <span class='ocrx_word' id='word_1_239' title='bbox 1193 3779 1273 3845; x_wconf 83' lang='lat' dir='ltr'>testo</span> <span class='ocrx_word' id='word_1_240' title='bbox 1299 3780 1332 3844; x_wconf 89' lang='lat' dir='ltr'>in</span> 
     </span>
     <span class='ocr_line' id='line_1_33' title="bbox 269 3880 1334 3969; baseline 0.004 -23"><span class='ocrx_word' id='word_1_241' title='bbox 269 3881 328 3946; x_wconf 79' lang='lat' dir='ltr'>teli</span> <span class='ocrx_word' id='word_1_242' title='bbox 349 3898 382 3947; x_wconf 88' lang='lat' dir='ltr'>re</span> <span class='ocrx_word' id='word_1_243' title='bbox 404 3900 480 3964; x_wconf 89' lang='lat' dir='ltr'>opus</span> <span class='ocrx_word' id='word_1_244' title='bbox 503 3882 560 3959; x_wconf 83' lang='lat' dir='ltr'>est,</span> <span class='ocrx_word' id='word_1_245' title='bbox 590 3882 621 3946; x_wconf 95' lang='lat' dir='ltr'>in</span> <span class='ocrx_word' id='word_1_246' title='bbox 654 3882 782 3964; x_wconf 80' lang='lat' dir='ltr'>planitie</span> <span class='ocrx_word' id='word_1_247' title='bbox 804 3882 842 3946; x_wconf 84' lang='lat' dir='ltr'>sd</span> <span class='ocrx_word' id='word_1_248' title='bbox 864 3880 969 3946; x_wconf 88' lang='lat' dir='ltr'>Nilum</span> <span class='ocrx_word' id='word_1_249' title='bbox 1003 3883 1171 3968; x_wconf 84' lang='lat' dir='ltr'>insurgere.</span> <span class='ocrx_word' id='word_1_250' title='bbox 1224 3887 1334 3969; x_wconf 79' lang='lat' dir='ltr'>ltaque</span> 
     </span>
     <span class='ocr_line' id='line_1_34' title="bbox 269 3985 1341 4070; baseline 0.003 -18"><span class='ocrx_word' id='word_1_251' title='bbox 269 3985 506 4069; x_wconf 80' lang='lat' dir='ltr'>transpositione</span> <span class='ocrx_word' id='word_1_252' title='bbox 527 3987 690 4070; x_wconf 80' lang='lat' dir='ltr'>peecatum</span> <span class='ocrx_word' id='word_1_253' title='bbox 713 3985 771 4063; x_wconf 79' lang='lat' dir='ltr'>ost,</span> <span class='ocrx_word' id='word_1_254' title='bbox 794 4003 854 4067; x_wconf 84' lang='lat' dir='ltr'>que</span> <span class='ocrx_word' id='word_1_255' title='bbox 876 3985 999 4054; x_wconf 83' lang='lat' dir='ltr'>sublate</span> <span class='ocrx_word' id='word_1_256' title='bbox 1021 3989 1064 4054; x_wconf 87' lang='lat' dir='ltr'>sio</span> <span class='ocrx_word' id='word_1_257' title='bbox 1085 3991 1171 4056; x_wconf 85' lang='lat' dir='ltr'>loeus</span> <span class='ocrx_word' id='word_1_258' title='bbox 1186 3991 1252 4056; x_wconf 86' lang='lat' dir='ltr'>sine</span> <span class='ocrx_word' id='word_1_259' title='bbox 1266 3991 1341 4056; x_wconf 82' lang='lat' dir='ltr'>nlla.</span> 
     </span>
     <span class='ocr_line' id='line_1_35' title="bbox 270 4085 1334 4182; baseline 0.003 -23"><span class='ocrx_word' id='word_1_260' title='bbox 270 4093 435 4160; x_wconf 77' lang='lat' dir='ltr'>offensione</span> <span class='ocrx_word' id='word_1_261' title='bbox 457 4092 607 4158; x_wconf 82' lang='lat' dir='ltr'>decurrit:</span> <span class='ocrx_word' id='word_1_262' title='bbox 634 4085 673 4156; x_wconf 84' lang='grc' dir='ltr'><strong><em>τύ</em></strong></span> <span class='ocrx_word' id='word_1_263' title='bbox 704 4090 738 4155; x_wconf 80' lang='grc' dir='ltr'>δὲ</span> <span class='ocrx_word' id='word_1_264' title='bbox 767 4087 854 4174; x_wconf 75' lang='grc' dir='ltr'><strong><em>πρὸς</em></strong></span> <span class='ocrx_word' id='word_1_265' title='bbox 882 4086 1021 4178; x_wconf 76' lang='grc' dir='ltr'><strong><em>Λιβύης</em></strong></span> <span class='ocrx_word' id='word_1_266' title='bbox 1049 4096 1109 4178; x_wconf 79' lang='grc' dir='ltr'><strong><em>τῆς</em></strong></span> <span class='ocrx_word' id='word_1_267' title='bbox 1132 4091 1334 4182; x_wconf 77' lang='grc' dir='ltr'><strong><em>Αἰγύπτου,</em></strong></span> 
     </span>
    </p>
   </div>
   <div class='ocr_carea' id='block_1_12' title="bbox 0 0 1502 4660">
    <p class='ocr_par' dir='ltr' id='par_1_12' title="bbox 0 0 1502 4660">
     <span class='ocr_line' id='line_1_36' title="bbox 0 0 1502 4660; baseline 0 0"><span class='ocrx_word' id='word_1_268' title='bbox 0 0 1502 4660; x_wconf 95' lang='lat' dir='ltr'> </span> 
     </span>
    </p>
   </div>
  </div>
 </body>
</html>
