<?xml version="1.0" encoding="UTF-8"?>
<!DOCTYPE html PUBLIC "-//W3C//DTD XHTML 1.0 Transitional//EN"
    "http://www.w3.org/TR/xhtml1/DTD/xhtml1-transitional.dtd">
<html xmlns="http://www.w3.org/1999/xhtml" xml:lang="en" lang="en">
 <head>
  <title>
</title>
<meta http-equiv="Content-Type" content="text/html;charset=utf-8" />
  <meta name='ocr-system' content='tesseract 3.04.00' />
  <meta name='ocr-capabilities' content='ocr_page ocr_carea ocr_par ocr_line ocrx_word'/>
</head>
<body>
  <div class='ocr_page' id='page_1' title='image "./adversariacriti04madvgoog_0028.png"; bbox 0 0 2974 4660; ppageno 0'>
   <div class='ocr_carea' id='block_1_1' title="bbox 594 306 1167 380">
    <p class='ocr_par' dir='ltr' id='par_1_1' title="bbox 594 306 1167 380">
     <span class='ocr_line' id='line_1_1' title="bbox 594 306 1167 380; baseline 0.007 -18"><span class='ocrx_word' id='word_1_1' title='bbox 594 307 758 363; x_wconf 86' lang='lat' dir='ltr'>Herodotus.</span> <span class='ocrx_word' id='word_1_2' title='bbox 1024 365 1026 380; x_wconf 65' lang='grc'><strong>,</strong></span> <span class='ocrx_word' id='word_1_3' title='bbox 1129 306 1167 366; x_wconf 76' lang='lat'>21</span> 
     </span>
    </p>
   </div>
   <div class='ocr_carea' id='block_1_2' title="bbox 141 489 1211 806">
    <p class='ocr_par' dir='ltr' id='par_1_2' title="bbox 141 489 1211 806">
     <span class='ocr_line' id='line_1_2' title="bbox 141 489 1211 607; baseline -0.005 -36"><span class='ocrx_word' id='word_1_4' title='bbox 141 505 170 571; x_wconf 94' lang='lat' dir='ltr'>ei</span> <span class='ocrx_word' id='word_1_5' title='bbox 190 505 285 570; x_wconf 89' lang='lat' dir='ltr'>fidem</span> <span class='ocrx_word' id='word_1_6' title='bbox 305 505 433 607; x_wconf 61' lang='lat' dir='ltr'>hebens</span> <span class='ocrx_word' id='word_1_7' title='bbox 455 505 509 571; x_wconf 89' lang='lat' dir='ltr'>sed</span> <span class='ocrx_word' id='word_1_8' title='bbox 533 505 570 571; x_wconf 94' lang='lat' dir='ltr'>de</span> <span class='ocrx_word' id='word_1_9' title='bbox 593 504 778 570; x_wconf 73' lang='lat' dir='ltr'><strong>obscuritate</strong></span> <span class='ocrx_word' id='word_1_10' title='bbox 797 523 910 578; x_wconf 87' lang='lat' dir='ltr'>eorum,</span> <span class='ocrx_word' id='word_1_11' title='bbox 923 489 994 586; x_wconf 48' lang='lat' dir='ltr'>‘qua</span> <span class='ocrx_word' id='word_1_12' title='bbox 1008 504 1108 568; x_wconf 85' lang='lat' dir='ltr'>mater</span> <span class='ocrx_word' id='word_1_13' title='bbox 1122 501 1211 580; x_wconf 80' lang='lat' dir='ltr'>dixit,</span> 
     </span>
     <span class='ocr_line' id='line_1_3' title="bbox 142 610 696 694; baseline -0.004 -18"><span class='ocrx_word' id='word_1_14' title='bbox 142 612 289 694; x_wconf 88' lang='lat' dir='ltr'>queritur.</span> <span class='ocrx_word' id='word_1_15' title='bbox 334 611 533 676; x_wconf 85' lang='lat' dir='ltr'>Scribendum</span> <span class='ocrx_word' id='word_1_16' title='bbox 557 610 696 676; x_wconf 85' lang='lat' dir='ltr'>videtur:</span> 
     </span>
     <span class='ocr_line' id='line_1_4' title="bbox 226 707 1053 806; baseline -0.004 -23"><span class='ocrx_word' id='word_1_17' title='bbox 226 719 361 806; x_wconf 67' lang='grc' dir='ltr'>Ιλέγεις,</span> <span class='ocrx_word' id='word_1_18' title='bbox 381 719 489 806; x_wconf 73' lang='grc' dir='ltr'><strong><em>λέγεις</em></strong></span> <span class='ocrx_word' id='word_1_19' title='bbox 509 741 570 801; x_wconf 84' lang='grc' dir='ltr'>μοι</span> <span class='ocrx_word' id='word_1_20' title='bbox 594 709 739 783; x_wconf 71' lang='grc' dir='ltr'><strong><em>σκολια</em></strong></span> <span class='ocrx_word' id='word_1_21' title='bbox 764 708 826 784; x_wconf 77' lang='grc' dir='ltr'><em>κού</em></span> <span class='ocrx_word' id='word_1_22' title='bbox 848 714 940 801; x_wconf 83' lang='grc' dir='ltr'><strong><em>σαφῆ</em></strong></span> <span class='ocrx_word' id='word_1_23' title='bbox 962 707 1053 781; x_wconf 74' lang='grc' dir='ltr'><em>τάδε.</em></span> 
     </span>
    </p>
   </div>
   <div class='ocr_carea' id='block_1_3' title="bbox 143 860 1219 1369">
    <p class='ocr_par' dir='ltr' id='par_1_3' title="bbox 143 860 1219 1369">
     <span class='ocr_line' id='line_1_5' title="bbox 293 860 479 943; baseline 0.016 -22"><span class='ocrx_word' id='word_1_24' title='bbox 293 860 373 922; x_wconf 87' lang='grc'>1601</span> <span class='ocrx_word' id='word_1_25' title='bbox 396 879 479 943; x_wconf 86' lang='lat' dir='ltr'>sqq.:</span> 
     </span>
     <span class='ocr_line' id='line_1_6' title="bbox 242 956 1026 1048; baseline -0.004 -18"><span class='ocrx_word' id='word_1_26' title='bbox 242 966 305 1031; x_wconf 76' lang='grc' dir='ltr'>νῦν</span> <span class='ocrx_word' id='word_1_27' title='bbox 328 957 392 1032; x_wconf 77' lang='grc' dir='ltr'>οὖν</span> <span class='ocrx_word' id='word_1_28' title='bbox 414 959 538 1040; x_wconf 76' lang='grc' dir='ltr'><strong><em>σιώπα,</em></strong></span> <span class='ocrx_word' id='word_1_29' title='bbox 561 977 643 1038; x_wconf 79' lang='grc' dir='ltr'><strong><em>παῖς</em></strong></span> <span class='ocrx_word' id='word_1_30' title='bbox 665 956 715 1030; x_wconf 72' lang='lat' dir='ltr'>dd</span> <span class='ocrx_word' id='word_1_31' title='bbox 738 957 781 1038; x_wconf 70' lang='lat' dir='ltr'>oie</span> <span class='ocrx_word' id='word_1_32' title='bbox 804 969 932 1048; x_wconf 80' lang='grc' dir='ltr'><strong><em>ιιὲφακσ</em></strong></span> <span class='ocrx_word' id='word_1_33' title='bbox 956 956 1026 1038; x_wconf 82' lang='grc' dir='ltr'><strong><em>σός,</em></strong></span> 
     </span>
     <span class='ocr_line' id='line_1_7' title="bbox 243 1064 874 1157; baseline -0.003 -20"><span class='ocrx_word' id='word_1_34' title='bbox 243 1066 286 1137; x_wconf 77' lang='grc' dir='ltr'>ἵν’</span> <span class='ocrx_word' id='word_1_35' title='bbox 308 1066 331 1157; x_wconf 86' lang='grc' dir='ltr'><strong><em>ῆ</em></strong></span> <span class='ocrx_word' id='word_1_36' title='bbox 353 1067 491 1154; x_wconf 77' lang='grc' dir='ltr'><em>δόκησις</em></span> <span class='ocrx_word' id='word_1_37' title='bbox 513 1069 657 1143; x_wconf 74' lang='grc' dir='ltr'><em>Ξοῦθον</em></span> <span class='ocrx_word' id='word_1_38' title='bbox 678 1064 782 1155; x_wconf 74' lang='grc' dir='ltr'><strong><em>ἡδέως</em></strong></span> <span class='ocrx_word' id='word_1_39' title='bbox 805 1077 874 1157; x_wconf 81' lang='grc' dir='ltr'><strong><em>ἔχῃ,</em></strong></span> 
     </span>
     <span class='ocr_line' id='line_1_8' title="bbox 244 1167 1088 1264; baseline -0.008 -20"><span class='ocrx_word' id='word_1_40' title='bbox 244 1173 284 1245; x_wconf 78' lang='grc' dir='ltr'>σύ</span> <span class='ocrx_word' id='word_1_41' title='bbox 306 1170 381 1244; x_wconf 78' lang='grc' dir='ltr'>ιἀὗ</span> <span class='ocrx_word' id='word_1_42' title='bbox 403 1175 444 1245; x_wconf 82' lang='grc' dir='ltr'>ταὶ</span> <span class='ocrx_word' id='word_1_43' title='bbox 469 1177 598 1262; x_wconf 77' lang='grc' dir='ltr'><strong><em>σαυτῆς</em></strong></span> <span class='ocrx_word' id='word_1_44' title='bbox 621 1169 727 1264; x_wconf 75' lang='lat' dir='ltr'>or&#39;yor&#39;d&#39;</span> <span class='ocrx_word' id='word_1_45' title='bbox 750 1171 856 1263; x_wconf 71' lang='grc' dir='ltr'><strong><em>ε”χοσσ</em></strong></span> <span class='ocrx_word' id='word_1_46' title='bbox 872 1179 954 1261; x_wconf 83' lang='grc' dir='ltr'><strong><em>εἴης,</em></strong></span> <span class='ocrx_word' id='word_1_47' title='bbox 976 1167 1088 1259; x_wconf 75' lang='grc' dir='ltr'><strong><em>γύναι.</em></strong></span> 
     </span>
     <span class='ocr_line' id='line_1_9' title="bbox 143 1279 1219 1369; baseline -0.007 -20"><span class='ocrx_word' id='word_1_48' title='bbox 143 1285 202 1349; x_wconf 85' lang='grc' dir='ltr'><strong><em>Ρι·ο</em></strong></span> <span class='ocrx_word' id='word_1_49' title='bbox 224 1286 358 1368; x_wconf 87' lang='lat' dir='ltr'>optativo</span> <span class='ocrx_word' id='word_1_50' title='bbox 381 1305 473 1368; x_wconf 87' lang='lat' dir='ltr'>pravo</span> <span class='ocrx_word' id='word_1_51' title='bbox 495 1288 565 1369; x_wconf 78' lang='grc' dir='ltr'>εἴης</span> <span class='ocrx_word' id='word_1_52' title='bbox 580 1303 661 1348; x_wconf 81' lang='grc' dir='ltr'><strong><em>σασα</em></strong></span> <span class='ocrx_word' id='word_1_53' title='bbox 676 1302 692 1349; x_wconf 94' lang='lat' dir='ltr'>e</span> <span class='ocrx_word' id='word_1_54' title='bbox 706 1283 902 1348; x_wconf 86' lang='lat' dir='ltr'>Wakefieldii</span> <span class='ocrx_word' id='word_1_55' title='bbox 919 1283 1094 1349; x_wconf 86' lang='lat' dir='ltr'>coniectura</span> <span class='ocrx_word' id='word_1_56' title='bbox 1110 1279 1219 1345; x_wconf 58' lang='lat' dir='ltr'>editur«</span> 
     </span>
    </p>
   </div>
   <div class='ocr_carea' id='block_1_4' title="bbox 142 1384 1315 1476">
    <p class='ocr_par' dir='ltr' id='par_1_4' title="bbox 142 1384 1315 1476">
     <span class='ocr_line' id='line_1_10' title="bbox 142 1384 1315 1476; baseline -0.006 -20"><span class='ocrx_word' id='word_1_57' title='bbox 142 1395 207 1476; x_wconf 80' lang='grc' dir='ltr'><strong><em>ἴῆς.</em></strong></span> <span class='ocrx_word' id='word_1_58' title='bbox 250 1392 364 1457; x_wconf 87' lang='lat' dir='ltr'>Verum</span> <span class='ocrx_word' id='word_1_59' title='bbox 387 1409 446 1456; x_wconf 90' lang='lat' dir='ltr'>non</span> <span class='ocrx_word' id='word_1_60' title='bbox 468 1393 570 1475; x_wconf 84' lang='lat' dir='ltr'>agitur</span> <span class='ocrx_word' id='word_1_61' title='bbox 598 1388 636 1453; x_wconf 91' lang='lat' dir='ltr'>de</span> <span class='ocrx_word' id='word_1_62' title='bbox 659 1387 780 1454; x_wconf 75' lang='lat' dir='ltr'>Creusae</span> <span class='ocrx_word' id='word_1_63' title='bbox 804 1389 933 1471; x_wconf 86' lang='lat' dir='ltr'>Delphis</span> <span class='ocrx_word' id='word_1_64' title='bbox 958 1389 1095 1452; x_wconf 78' lang='lat' dir='ltr'>Athenas</span> <span class='ocrx_word' id='word_1_65' title='bbox 1119 1384 1209 1451; x_wconf 92' lang='lat' dir='ltr'>rede·</span> <span class='ocrx_word' id='word_1_66' title='bbox 1313 1397 1315 1401; x_wconf 81' lang='grc'>’</span> 
     </span>
    </p>
   </div>
   <div class='ocr_carea' id='block_1_5' title="bbox 142 1493 1213 2106">
    <p class='ocr_par' dir='ltr' id='par_1_5' title="bbox 142 1493 1210 1776">
     <span class='ocr_line' id='line_1_11' title="bbox 142 1493 1210 1579; baseline -0.007 -16"><span class='ocrx_word' id='word_1_67' title='bbox 142 1498 226 1563; x_wconf 90' lang='lat' dir='ltr'>untis</span> <span class='ocrx_word' id='word_1_68' title='bbox 248 1499 343 1562; x_wconf 87' lang='lat' dir='ltr'>animi</span> <span class='ocrx_word' id='word_1_69' title='bbox 365 1499 458 1576; x_wconf 84' lang='lat' dir='ltr'>statu,</span> <span class='ocrx_word' id='word_1_70' title='bbox 481 1497 534 1562; x_wconf 85' lang='lat' dir='ltr'>sed</span> <span class='ocrx_word' id='word_1_71' title='bbox 557 1495 596 1560; x_wconf 88' lang='lat' dir='ltr'>de</span> <span class='ocrx_word' id='word_1_72' title='bbox 618 1500 765 1579; x_wconf 87' lang='lat' dir='ltr'>perpetuo</span> <span class='ocrx_word' id='word_1_73' title='bbox 793 1494 888 1560; x_wconf 86' lang='lat' dir='ltr'>futuri</span> <span class='ocrx_word' id='word_1_74' title='bbox 915 1496 1061 1576; x_wconf 86' lang='lat' dir='ltr'>temporis</span> <span class='ocrx_word' id='word_1_75' title='bbox 1081 1493 1210 1570; x_wconf 77' lang='lat' dir='ltr'>habitu3</span> 
     </span>
     <span class='ocr_line' id='line_1_12' title="bbox 144 1592 1209 1686; baseline -0.004 -18"><span class='ocrx_word' id='word_1_76' title='bbox 144 1603 255 1669; x_wconf 89' lang='lat' dir='ltr'>deinde</span> <span class='ocrx_word' id='word_1_77' title='bbox 271 1604 437 1686; x_wconf 70' lang='lat' dir='ltr'>requiritur</span> <span class='ocrx_word' id='word_1_78' title='bbox 449 1601 575 1685; x_wconf 83' lang='lat' dir='ltr'>aliquid,</span> <span class='ocrx_word' id='word_1_79' title='bbox 588 1602 667 1684; x_wconf 88' lang='lat' dir='ltr'>quod</span> <span class='ocrx_word' id='word_1_80' title='bbox 681 1599 867 1666; x_wconf 88' lang='lat' dir='ltr'>contrarium</span> <span class='ocrx_word' id='word_1_81' title='bbox 879 1600 920 1664; x_wconf 89' lang='lat' dir='ltr'>sit</span> <span class='ocrx_word' id='word_1_82' title='bbox 931 1601 1049 1665; x_wconf 90' lang='lat' dir='ltr'>nomini</span> <span class='ocrx_word' id='word_1_83' title='bbox 1064 1592 1209 1683; x_wconf 78' lang='grc' dir='ltr'><strong><em>δόκησις.</em></strong></span> 
     </span>
     <span class='ocr_line' id='line_1_13' title="bbox 143 1707 768 1776; baseline -0.006 -1"><span class='ocrx_word' id='word_1_84' title='bbox 143 1709 342 1776; x_wconf 85' lang='lat' dir='ltr'>Scribeudum</span> <span class='ocrx_word' id='word_1_85' title='bbox 368 1710 415 1774; x_wconf 86' lang='lat' dir='ltr'>est</span> <span class='ocrx_word' id='word_1_86' title='bbox 437 1727 498 1772; x_wconf 89' lang='lat' dir='ltr'>una</span> <span class='ocrx_word' id='word_1_87' title='bbox 519 1707 626 1772; x_wconf 84' lang='lat' dir='ltr'>littera</span> <span class='ocrx_word' id='word_1_88' title='bbox 648 1707 768 1772; x_wconf 80' lang='lat' dir='ltr'>addita:</span> 
     </span>
    </p>

    <p class='ocr_par' dir='ltr' id='par_1_6' title="bbox 142 1803 1213 2106">
     <span class='ocr_line' id='line_1_14' title="bbox 244 1803 1140 1900; baseline -0.006 -18"><span class='ocrx_word' id='word_1_89' title='bbox 244 1811 285 1882; x_wconf 80' lang='lat' dir='ltr'>od</span> <span class='ocrx_word' id='word_1_90' title='bbox 307 1806 384 1882; x_wconf 76' lang='grc' dir='ltr'>σἀὖ</span> <span class='ocrx_word' id='word_1_91' title='bbox 405 1810 445 1880; x_wconf 76' lang='grc' dir='ltr'>ια’</span> <span class='ocrx_word' id='word_1_92' title='bbox 471 1814 597 1898; x_wconf 81' lang='grc' dir='ltr'><strong><em>σαυτῆς</em></strong></span> <span class='ocrx_word' id='word_1_93' title='bbox 619 1805 724 1899; x_wconf 78' lang='grc' dir='ltr'><strong><em>α’γσὶθ’</em></strong></span> <span class='ocrx_word' id='word_1_94' title='bbox 748 1807 853 1899; x_wconf 78' lang='grc' dir='ltr'><strong><em>ἔχοασ</em></strong></span> <span class='ocrx_word' id='word_1_95' title='bbox 875 1810 1006 1900; x_wconf 71' lang='grc' dir='ltr'><strong><em>εἰδῇς,</em></strong></span> <span class='ocrx_word' id='word_1_96' title='bbox 1029 1803 1140 1898; x_wconf 73' lang='grc' dir='ltr'><strong><em>γύναι.</em></strong></span> 
     </span>
     <span class='ocr_line' id='line_1_15' title="bbox 142 1929 1213 2015; baseline -0.006 -16"><span class='ocrx_word' id='word_1_97' title='bbox 142 1935 240 2000; x_wconf 86' lang='lat' dir='ltr'>Xuthi</span> <span class='ocrx_word' id='word_1_98' title='bbox 262 1934 380 1999; x_wconf 87' lang='lat' dir='ltr'>laet&#39;tiae</span> <span class='ocrx_word' id='word_1_99' title='bbox 401 1936 433 1998; x_wconf 91' lang='lat' dir='ltr'>in</span> <span class='ocrx_word' id='word_1_100' title='bbox 457 1935 534 1998; x_wconf 81' lang='lat' dir='ltr'>falsa</span> <span class='ocrx_word' id='word_1_101' title='bbox 556 1931 697 2015; x_wconf 90' lang='lat' dir='ltr'>opinione</span> <span class='ocrx_word' id='word_1_102' title='bbox 719 1933 795 1996; x_wconf 82' lang='lat' dir='ltr'>nixae</span> <span class='ocrx_word' id='word_1_103' title='bbox 818 1929 970 1995; x_wconf 91' lang='lat' dir='ltr'>contraria</span> <span class='ocrx_word' id='word_1_104' title='bbox 989 1930 1114 2013; x_wconf 90' lang='lat' dir='ltr'>ponitur</span> <span class='ocrx_word' id='word_1_105' title='bbox 1128 1933 1213 1994; x_wconf 87' lang='lat' dir='ltr'>certa</span> 
     </span>
     <span class='ocr_line' id='line_1_16' title="bbox 144 2038 697 2106; baseline -0.007 -1"><span class='ocrx_word' id='word_1_106' title='bbox 144 2041 267 2106; x_wconf 86' lang='lat' dir='ltr'>Creusae</span> <span class='ocrx_word' id='word_1_107' title='bbox 290 2059 353 2106; x_wconf 85' lang='lat' dir='ltr'>suae</span> <span class='ocrx_word' id='word_1_108' title='bbox 375 2038 535 2104; x_wconf 82' lang='lat' dir='ltr'>felicitatis</span> <span class='ocrx_word' id='word_1_109' title='bbox 558 2038 697 2104; x_wconf 90' lang='lat' dir='ltr'>scientia.</span> 
     </span>
    </p>
   </div>
   <div class='ocr_carea' id='block_1_6' title="bbox 599 2324 753 2406">
    <p class='ocr_par' dir='ltr' id='par_1_7' title="bbox 599 2324 753 2406">
     <span class='ocr_line' id='line_1_17' title="bbox 599 2324 753 2406; baseline -0.032 -16"><span class='ocrx_word' id='word_1_110' title='bbox 599 2324 684 2406; x_wconf 83' lang='lat' dir='ltr'>Oap.</span> <span class='ocrx_word' id='word_1_111' title='bbox 708 2324 753 2387; x_wconf 85' lang='grc' dir='ltr'>ΙΙ.</span> 
     </span>
    </p>
   </div>
   <div class='ocr_carea' id='block_1_7' title="bbox 578 2441 780 2507">
    <p class='ocr_par' dir='ltr' id='par_1_8' title="bbox 578 2441 780 2507">
     <span class='ocr_line' id='line_1_18' title="bbox 578 2441 780 2507; baseline -0.01 -7"><span class='ocrx_word' id='word_1_112' title='bbox 578 2443 744 2501; x_wconf 86' lang='lat' dir='ltr'>Herodotus.</span> <span class='ocrx_word' id='word_1_113' title='bbox 753 2441 780 2507; x_wconf 80' lang='lat' dir='ltr'>*t</span> 
     </span>
    </p>
   </div>
   <div class='ocr_carea' id='block_1_8' title="bbox 143 2590 1258 3208">
    <p class='ocr_par' dir='ltr' id='par_1_9' title="bbox 143 2590 1258 3208">
     <span class='ocr_line' id='line_1_19' title="bbox 244 2590 1212 2676; baseline -0.002 -18"><span class='ocrx_word' id='word_1_114' title='bbox 244 2592 394 2659; x_wconf 74' lang='lat' dir='ltr'>Herodoti</span> <span class='ocrx_word' id='word_1_115' title='bbox 427 2613 512 2676; x_wconf 83' lang='lat' dir='ltr'>opus,</span> <span class='ocrx_word' id='word_1_116' title='bbox 548 2595 630 2676; x_wconf 89' lang='lat' dir='ltr'>quod</span> <span class='ocrx_word' id='word_1_117' title='bbox 662 2598 740 2668; x_wconf 78' lang='lat' dir='ltr'>turn,</span> <span class='ocrx_word' id='word_1_118' title='bbox 777 2611 847 2658; x_wconf 90' lang='lat' dir='ltr'>cum</span> <span class='ocrx_word' id='word_1_119' title='bbox 879 2590 1065 2656; x_wconf 81' lang='lat' dir='ltr'>Adversaria</span> <span class='ocrx_word' id='word_1_120' title='bbox 1098 2591 1212 2656; x_wconf 83' lang='lat' dir='ltr'>Oritica</span> 
     </span>
     <span class='ocr_line' id='line_1_20' title="bbox 143 2697 1258 2780; baseline -0.004 -15"><span class='ocrx_word' id='word_1_121' title='bbox 143 2700 280 2772; x_wconf 84' lang='lat' dir='ltr'>edebam,</span> <span class='ocrx_word' id='word_1_122' title='bbox 303 2699 411 2763; x_wconf 90' lang='lat' dir='ltr'>multis</span> <span class='ocrx_word' id='word_1_123' title='bbox 433 2702 522 2764; x_wconf 86' lang='lat' dir='ltr'>aunis</span> <span class='ocrx_word' id='word_1_124' title='bbox 545 2698 688 2765; x_wconf 84' lang='lat' dir='ltr'>continua</span> <span class='ocrx_word' id='word_1_125' title='bbox 711 2717 803 2780; x_wconf 86' lang='lat' dir='ltr'>opera</span> <span class='ocrx_word' id='word_1_126' title='bbox 825 2715 883 2760; x_wconf 91' lang='lat' dir='ltr'>non</span> <span class='ocrx_word' id='word_1_127' title='bbox 903 2698 1046 2779; x_wconf 79' lang='lat' dir='ltr'>legeram,</span> <span class='ocrx_word' id='word_1_128' title='bbox 1065 2697 1210 2778; x_wconf 80' lang='lat' dir='ltr'>proximis</span> <span class='ocrx_word' id='word_1_129' title='bbox 1256 2767 1258 2772; x_wconf 59' lang='grc'>,</span> 
     </span>
     <span class='ocr_line' id='line_1_21' title="bbox 143 2801 1210 2884; baseline 0 -16"><span class='ocrx_word' id='word_1_130' title='bbox 143 2805 231 2868; x_wconf 85' lang='lat' dir='ltr'>annis</span> <span class='ocrx_word' id='word_1_131' title='bbox 265 2803 409 2868; x_wconf 84' lang='lat' dir='ltr'>converso</span> <span class='ocrx_word' id='word_1_132' title='bbox 441 2805 479 2867; x_wconf 89' lang='lat' dir='ltr'>ad</span> <span class='ocrx_word' id='word_1_133' title='bbox 513 2803 718 2884; x_wconf 85' lang='lat' dir='ltr'>antiquiorem</span> <span class='ocrx_word' id='word_1_134' title='bbox 752 2803 878 2868; x_wconf 81' lang='lat' dir='ltr'>Graeciae</span> <span class='ocrx_word' id='word_1_135' title='bbox 914 2801 1074 2867; x_wconf 81' lang='lat' dir='ltr'>historiam</span> <span class='ocrx_word' id='word_1_136' title='bbox 1107 2802 1210 2868; x_wconf 88' lang='lat' dir='ltr'>animo</span> 
     </span>
     <span class='ocr_line' id='line_1_22' title="bbox 143 2907 1210 2993; baseline 0.001 -21"><span class='ocrx_word' id='word_1_137' title='bbox 143 2908 281 2973; x_wconf 88' lang='lat' dir='ltr'>studiose</span> <span class='ocrx_word' id='word_1_138' title='bbox 304 2911 489 2990; x_wconf 79' lang='lat' dir='ltr'>pertractari</span> <span class='ocrx_word' id='word_1_139' title='bbox 512 2912 543 2976; x_wconf 91' lang='lat' dir='ltr'>et</span> <span class='ocrx_word' id='word_1_140' title='bbox 565 2911 632 2974; x_wconf 90' lang='lat' dir='ltr'>tum</span> <span class='ocrx_word' id='word_1_141' title='bbox 656 2926 701 2993; x_wconf 88' lang='lat' dir='ltr'>ea,</span> <span class='ocrx_word' id='word_1_142' title='bbox 717 2929 784 2993; x_wconf 88' lang='lat' dir='ltr'>qoae</span> <span class='ocrx_word' id='word_1_143' title='bbox 800 2908 852 2975; x_wconf 93' lang='lat' dir='ltr'>hic</span> <span class='ocrx_word' id='word_1_144' title='bbox 866 2907 1038 2990; x_wconf 83' lang='lat' dir='ltr'>subiiciam,</span> <span class='ocrx_word' id='word_1_145' title='bbox 1054 2909 1210 2976; x_wconf 83' lang='lat' dir='ltr'>annotavi.</span> 
     </span>
     <span class='ocr_line' id='line_1_23' title="bbox 145 3008 1210 3103; baseline 0.006 -25"><span class='ocrx_word' id='word_1_146' title='bbox 145 3013 269 3078; x_wconf 88' lang='lat' dir='ltr'>Initium</span> <span class='ocrx_word' id='word_1_147' title='bbox 295 3014 398 3079; x_wconf 87' lang='lat' dir='ltr'>autem</span> <span class='ocrx_word' id='word_1_148' title='bbox 427 3015 536 3081; x_wconf 83' lang='lat' dir='ltr'>faciam</span> <span class='ocrx_word' id='word_1_149' title='bbox 564 3017 603 3082; x_wconf 89' lang='lat' dir='ltr'>ab</span> <span class='ocrx_word' id='word_1_150' title='bbox 631 3017 781 3081; x_wconf 90' lang='lat' dir='ltr'>eiusmodi</span> <span class='ocrx_word' id='word_1_151' title='bbox 809 3017 874 3081; x_wconf 90' lang='lat' dir='ltr'>loco</span> <span class='ocrx_word' id='word_1_152' title='bbox 896 3015 935 3094; x_wconf 84' lang='grc' dir='ltr'>(Ι,</span> <span class='ocrx_word' id='word_1_153' title='bbox 960 3015 1014 3078; x_wconf 81' lang='lat'>27:</span> <span class='ocrx_word' id='word_1_154' title='bbox 1044 3008 1210 3103; x_wconf 72' lang='grc' dir='ltr'><strong><em>νησιώτας</em></strong></span> 
     </span>
     <span class='ocr_line' id='line_1_24' title="bbox 144 3115 1210 3208; baseline 0.004 -22"><span class='ocrx_word' id='word_1_155' title='bbox 144 3120 180 3187; x_wconf 76' lang='grc' dir='ltr'>δὲ</span> <span class='ocrx_word' id='word_1_156' title='bbox 202 3120 234 3185; x_wconf 72' lang='grc' dir='ltr'>σι’</span> <span class='ocrx_word' id='word_1_157' title='bbox 257 3119 382 3194; x_wconf 72' lang='grc' dir='ltr'><strong><em>δοκέεις</em></strong></span> <span class='ocrx_word' id='word_1_158' title='bbox 404 3117 565 3208; x_wconf 76' lang='grc' dir='ltr'><strong><em>εὔχεσθαι</em></strong></span> <span class='ocrx_word' id='word_1_159' title='bbox 585 3118 667 3187; x_wconf 78' lang='grc' dir='ltr'><em>ἄλλο</em></span> <span class='ocrx_word' id='word_1_160' title='bbox 683 3117 719 3206; x_wconf 86' lang='grc' dir='ltr'>ῆ,</span> <span class='ocrx_word' id='word_1_161' title='bbox 735 3122 810 3187; x_wconf 74' lang='grc' dir='ltr'>ἐπεί</span> <span class='ocrx_word' id='word_1_162' title='bbox 825 3148 862 3187; x_wconf 84' lang='lat' dir='ltr'>us</span> <span class='ocrx_word' id='word_1_163' title='bbox 878 3117 1015 3208; x_wconf 76' lang='grc' dir='ltr'><strong><em>τάχιστα</em></strong></span> <span class='ocrx_word' id='word_1_164' title='bbox 1032 3115 1210 3192; x_wconf 73' lang='grc' dir='ltr'><strong><em>ἐπύθοντό</em></strong></span> 
     </span>
    </p>
   </div>
   <div class='ocr_carea' id='block_1_9' title="bbox 196 3387 1211 4197">
    <p class='ocr_par' dir='ltr' id='par_1_10' title="bbox 196 3387 1211 4197">
     <span class='ocr_line' id='line_1_25' title="bbox 196 3387 1210 3464; baseline 0.01 -24"><span class='ocrx_word' id='word_1_165' title='bbox 196 3387 221 3451; x_wconf 76' lang='lat' dir='ltr'>*r</span> <span class='ocrx_word' id='word_1_166' title='bbox 242 3391 308 3443; x_wconf 83' lang='lat' dir='ltr'>Cum</span> <span class='ocrx_word' id='word_1_167' title='bbox 334 3390 363 3443; x_wconf 89' lang='lat' dir='ltr'>in</span> <span class='ocrx_word' id='word_1_168' title='bbox 385 3389 501 3459; x_wconf 84' lang='lat' dir='ltr'>legendo</span> <span class='ocrx_word' id='word_1_169' title='bbox 527 3389 664 3446; x_wconf 87' lang='lat' dir='ltr'>Herodoto</span> <span class='ocrx_word' id='word_1_170' title='bbox 688 3396 781 3452; x_wconf 83' lang='lat' dir='ltr'>uterer</span> <span class='ocrx_word' id='word_1_171' title='bbox 807 3400 927 3461; x_wconf 88' lang='lat' dir='ltr'>utroque</span> <span class='ocrx_word' id='word_1_172' title='bbox 952 3393 1048 3449; x_wconf 84' lang='lat' dir='ltr'>Steinii</span> <span class='ocrx_word' id='word_1_173' title='bbox 1076 3395 1210 3464; x_wconf 84' lang='lat' dir='ltr'>exemplo,</span> 
     </span>
     <span class='ocr_line' id='line_1_26' title="bbox 242 3482 1209 3555; baseline 0.012 -21"><span class='ocrx_word' id='word_1_174' title='bbox 242 3497 296 3535; x_wconf 92' lang='lat' dir='ltr'>non</span> <span class='ocrx_word' id='word_1_175' title='bbox 315 3497 403 3551; x_wconf 87' lang='lat' dir='ltr'>pauca</span> <span class='ocrx_word' id='word_1_176' title='bbox 422 3482 570 3545; x_wconf 87' lang='lat' dir='ltr'>emendari,</span> <span class='ocrx_word' id='word_1_177' title='bbox 585 3498 646 3551; x_wconf 86' lang='lat' dir='ltr'>quae</span> <span class='ocrx_word' id='word_1_178' title='bbox 658 3490 757 3552; x_wconf 86' lang='lat' dir='ltr'>postea</span> <span class='ocrx_word' id='word_1_179' title='bbox 768 3484 824 3538; x_wconf 89' lang='lat' dir='ltr'>vidi</span> <span class='ocrx_word' id='word_1_180' title='bbox 837 3500 853 3538; x_wconf 87' lang='lat' dir='ltr'>a</span> <span class='ocrx_word' id='word_1_181' title='bbox 865 3485 1076 3555; x_wconf 86' lang='lat' dir='ltr'>Valckeneerio,</span> <span class='ocrx_word' id='word_1_182' title='bbox 1086 3487 1209 3550; x_wconf 71' lang='lat' dir='ltr'>aerario,</span> 
     </span>
     <span class='ocr_line' id='line_1_27' title="bbox 243 3573 1210 3647; baseline 0.009 -21"><span class='ocrx_word' id='word_1_183' title='bbox 243 3573 376 3643; x_wconf 70' lang='lat' dir='ltr'>liutgero,</span> <span class='ocrx_word' id='word_1_184' title='bbox 404 3575 465 3629; x_wconf 83' lang='lat' dir='ltr'>eliis</span> <span class='ocrx_word' id='word_1_185' title='bbox 493 3583 641 3645; x_wconf 84' lang='lat' dir='ltr'>occupata3</span> <span class='ocrx_word' id='word_1_186' title='bbox 670 3576 726 3631; x_wconf 84' lang='lat' dir='ltr'>alia</span> <span class='ocrx_word' id='word_1_187' title='bbox 751 3578 819 3632; x_wconf 93' lang='lat' dir='ltr'>mihi</span> <span class='ocrx_word' id='word_1_188' title='bbox 842 3579 1023 3647; x_wconf 75' lang='lat' dir='ltr'>praeripuerat</span> <span class='ocrx_word' id='word_1_189' title='bbox 1048 3581 1114 3634; x_wconf 83' lang='lat' dir='ltr'>civis</span> <span class='ocrx_word' id='word_1_190' title='bbox 1132 3596 1210 3635; x_wconf 85' lang='lat' dir='ltr'>meus</span> 
     </span>
     <span class='ocr_line' id='line_1_28' title="bbox 243 3666 1209 3737; baseline 0.008 -19"><span class='ocrx_word' id='word_1_191' title='bbox 243 3666 380 3734; x_wconf 82' lang='lat' dir='ltr'>Pingelins</span> <span class='ocrx_word' id='word_1_192' title='bbox 394 3667 493 3736; x_wconf 89' lang='lat' dir='ltr'>partim</span> <span class='ocrx_word' id='word_1_193' title='bbox 506 3669 535 3722; x_wconf 89' lang='lat' dir='ltr'>in</span> <span class='ocrx_word' id='word_1_194' title='bbox 550 3668 644 3723; x_wconf 91' lang='lat' dir='ltr'>libello</span> <span class='ocrx_word' id='word_1_195' title='bbox 660 3669 834 3736; x_wconf 78' lang='lat' dir='ltr'>scholastico,</span> <span class='ocrx_word' id='word_1_196' title='bbox 851 3671 898 3737; x_wconf 88' lang='lat' dir='ltr'>qui</span> <span class='ocrx_word' id='word_1_197' title='bbox 910 3671 1080 3727; x_wconf 88' lang='lat' dir='ltr'>inscribitur:</span> <span class='ocrx_word' id='word_1_198' title='bbox 1103 3674 1209 3726; x_wconf 67' lang='lat' dir='ltr'>Kreteia</span> 
     </span>
     <span class='ocr_line' id='line_1_29' title="bbox 243 3761 1207 3830; baseline 0.012 -22"><span class='ocrx_word' id='word_1_199' title='bbox 243 3761 437 3826; x_wconf 73' lang='lat' dir='ltr'>Arrmaerkniuqer</span> <span class='ocrx_word' id='word_1_200' title='bbox 464 3761 492 3811; x_wconf 75' lang='lat' dir='ltr'>rit</span> <span class='ocrx_word' id='word_1_201' title='bbox 515 3762 637 3812; x_wconf 72' lang='lat' dir='ltr'>Herodoto</span> <span class='ocrx_word' id='word_1_202' title='bbox 671 3761 724 3828; x_wconf 71' lang='lat' dir='ltr'>ree,</span> <span class='ocrx_word' id='word_1_203' title='bbox 755 3763 802 3814; x_wconf 71' lang='lat' dir='ltr'>ode</span> <span class='ocrx_word' id='word_1_204' title='bbox 830 3781 859 3829; x_wconf 79' lang='lat'>⁰9</span> <span class='ocrx_word' id='word_1_205' title='bbox 887 3761 935 3813; x_wconf 79' lang='lat' dir='ltr'>9de</span> <span class='ocrx_word' id='word_1_206' title='bbox 955 3764 1020 3830; x_wconf 67' lang='lat' dir='ltr'>Bou,</span> <span class='ocrx_word' id='word_1_207' title='bbox 1048 3765 1164 3820; x_wconf 82' lang='lat' dir='ltr'>Hauniae</span> <span class='ocrx_word' id='word_1_208' title='bbox 1183 3782 1207 3820; x_wconf 82' lang='lat' dir='ltr'>a.</span> 
     </span>
     <span class='ocr_line' id='line_1_30' title="bbox 246 3850 1208 3926; baseline 0.01 -24"><span class='ocrx_word' id='word_1_209' title='bbox 246 3850 313 3905; x_wconf 75' lang='lat'>1874</span> <span class='ocrx_word' id='word_1_210' title='bbox 331 3853 413 3918; x_wconf 89' lang='lat' dir='ltr'>edito,</span> <span class='ocrx_word' id='word_1_211' title='bbox 434 3867 513 3920; x_wconf 88' lang='lat' dir='ltr'>quem</span> <span class='ocrx_word' id='word_1_212' title='bbox 531 3852 679 3922; x_wconf 86' lang='lat' dir='ltr'>philologis</span> <span class='ocrx_word' id='word_1_213' title='bbox 699 3853 987 3922; x_wconf 87' lang='lat' dir='ltr'>exteris-commendo,</span> <span class='ocrx_word' id='word_1_214' title='bbox 1001 3857 1100 3926; x_wconf 89' lang='lat' dir='ltr'>partim</span> <span class='ocrx_word' id='word_1_215' title='bbox 1118 3858 1147 3912; x_wconf 93' lang='lat' dir='ltr'>in</span> <span class='ocrx_word' id='word_1_216' title='bbox 1164 3858 1208 3926; x_wconf 82' lang='lat' dir='ltr'>iis,</span> 
     </span>
     <span class='ocr_line' id='line_1_31' title="bbox 245 3945 1211 4019; baseline 0.01 -24"><span class='ocrx_word' id='word_1_217' title='bbox 245 3958 305 4010; x_wconf 86' lang='lat' dir='ltr'>quae</span> <span class='ocrx_word' id='word_1_218' title='bbox 332 3945 460 4012; x_wconf 83' lang='lat' dir='ltr'>privatim</span> <span class='ocrx_word' id='word_1_219' title='bbox 487 3961 547 3998; x_wconf 91' lang='lat' dir='ltr'>curn</span> <span class='ocrx_word' id='word_1_220' title='bbox 571 3945 699 4014; x_wconf 88' lang='lat' dir='ltr'>Siesbyeo</span> <span class='ocrx_word' id='word_1_221' title='bbox 719 3947 934 4014; x_wconf 83' lang='lat' dir='ltr'>communicavit,</span> <span class='ocrx_word' id='word_1_222' title='bbox 953 3948 1027 4003; x_wconf 86' lang='lat' dir='ltr'>velut</span> <span class='ocrx_word' id='word_1_223' title='bbox 1046 3950 1078 4003; x_wconf 90' lang='lat' dir='ltr'>de</span> <span class='ocrx_word' id='word_1_224' title='bbox 1097 3950 1115 4005; x_wconf 89' lang='lat' dir='ltr'>l.</span> <span class='ocrx_word' id='word_1_225' title='bbox 1133 3951 1156 4019; x_wconf 89' lang='lat'>1,</span> <span class='ocrx_word' id='word_1_226' title='bbox 1173 3951 1211 4005; x_wconf 84' lang='grc'>66</span> 
     </span>
     <span class='ocr_line' id='line_1_32' title="bbox 243 4031 1211 4107; baseline 0.007 -18"><span class='ocrx_word' id='word_1_227' title='bbox 243 4031 356 4107; x_wconf 72' lang='grc' dir='ltr'>(ὀλίγῳ</span> <span class='ocrx_word' id='word_1_228' title='bbox 373 4051 423 4105; x_wconf 84' lang='lat' dir='ltr'>pro</span> <span class='ocrx_word' id='word_1_229' title='bbox 442 4034 556 4105; x_wconf 75' lang='grc' dir='ltr'>ὀλίγων)</span> <span class='ocrx_word' id='word_1_230' title='bbox 583 4046 610 4092; x_wconf 87' lang='lat' dir='ltr'>et</span> <span class='ocrx_word' id='word_1_231' title='bbox 635 4039 688 4092; x_wconf 83' lang='lat'>105</span> <span class='ocrx_word' id='word_1_232' title='bbox 714 4038 772 4106; x_wconf 77' lang='lat' dir='ltr'>(cort</span> <span class='ocrx_word' id='word_1_233' title='bbox 791 4036 862 4107; x_wconf 79' lang='grc' dir='ltr'>ὁρᾶν</span> <span class='ocrx_word' id='word_1_234' title='bbox 880 4040 1026 4106; x_wconf 80' lang='grc' dir='ltr'><strong><em>πάρεστι</em></strong></span> <span class='ocrx_word' id='word_1_235' title='bbox 1044 4047 1117 4104; x_wconf 84' lang='grc' dir='ltr'><strong><em>τοῖς</em></strong></span> <span class='ocrx_word' id='word_1_236' title='bbox 1135 4039 1211 4096; x_wconf 76' lang='grc' dir='ltr'>ἀπε·</span> 
     </span>
     <span class='ocr_line' id='line_1_33' title="bbox 244 4117 1052 4197; baseline 0.011 -18"><span class='ocrx_word' id='word_1_237' title='bbox 244 4126 466 4197; x_wconf 81' lang='grc' dir='ltr'><strong><em>κνεσμένσις).</em></strong></span> <span class='ocrx_word' id='word_1_238' title='bbox 1049 4117 1052 4124; x_wconf 37' lang='lat'><strong>¹</strong></span> 
     </span>
    </p>
   </div>
   <div class='ocr_carea' id='block_1_10' title="bbox 0 0 1492 4660">
    <p class='ocr_par' dir='ltr' id='par_1_11' title="bbox 0 0 1492 4660">
     <span class='ocr_line' id='line_1_34' title="bbox 0 0 1492 4660; baseline 0 0"><span class='ocrx_word' id='word_1_239' title='bbox 0 0 1492 4660; x_wconf 95' lang='lat' dir='ltr'> </span> 
     </span>
    </p>
   </div>
  </div>
 </body>
</html>
