3008 4650
327 285 386 352 m
693 287 949 357 ffluwn

284 481 430 562 omnic,
452 503 534 567 quae
558 483 887 567 concupiverunt.
932 483 982 550 Sic
1004 482 1145 550 codices..
1173 483 1235 564 cni
1256 503 1351 567 nuper

283 590 373 657 aliter
405 592 599 676 interpuncta
630 590 767 659 oratione
800 591 873 656 aute
905 591 984 658 sihi
1020 590 1269 674 interposuerunt
1301 591 1350 664 si,

283 717 342 764 non
364 699 465 764 minus
488 696 674 764 sententiam
705 715 799 779 prava
827 697 1014 766 condicionis
1044 698 1144 765 lornre
1166 707 1259 780 quem
1282 716 1350 765 ora-

284 804 377 871 tionis
411 806 598 870 structuram
625 803 847 887 perverterunt.
902 803 1104 871 scribendum
1133 805 1216 870 erat:
1245 803 1350 873 Aliam

283 912 387 978 viam
408 911 490 978 sibi
512 911 652 977 rident
674 909 965 994 expeditiorem
989 911 1089 987 cet.*)
1274 921 1275 926 ’

383 1112 460 1180 Post
486 1110 556 1180 red.
587 1110 631 1178 ad
659 1111 748 1188 thuin.
779 1113 835 1177 10:
867 1113 918 1177 nt
950 1112 995 1177 de
1028 1130 1084 1179 me
1117 1115 1160 1179 ut
1191 1113 1351 1180 valeret

282 1222 577 1304 (rerumgestarum
599 1218 775 1297 memoria),
805 1237 960 1302 semper
987 1220 1153 1286 senatus
1175 1220 1350 1304 flagita-

282 1326 360 1403 vit3
382 1324 914 1411 utaliqucncoproficeret,
930 1345 1013 1392 cum
1029 1325 1348 1408 primumlicoit,

283 1433 516 1515 frequentia
552 1433 674 1516 atque
709 1431 961 1497 auctoritate
996 1433 1182 1516 perfecit.
1248 1433 1349 1498 lnenis

281 1538 400 1622 aliquid
423 1539 510 1605 lusus
532 1540 580 1604 est
601 1539 632 1603 in
654 1537 713 1604 hec
733 1539 960 1606 coniunctione:
985 1539 1028 1604 ut
1053 1524 1348 1622 ..proliceret

283 1683 324 1692 —
339 1646 532 1728 perfecit3
551 1663 652 1728 neque
672 1647 747 1710 setis
765 1644 891 1711 effectus
907 1646 953 1711 rei
968 1646 1158 1730 significatur
1172 1644 1350 1729 proficiendi

282 1752 383 1818 verbo.
432 1751 467 1816 io
493 1752 516 1815 P
538 1754 587 1817 est
607 1771 625 1816 a
645 1753 746 1834 prima
768 1771 860 1818 manu
882 1752 1075 1835 perlicet’.
1110 1753 1225 1836 Opinon
1239 1754 1347 1818 luisse:

281 1860 325 1924 ut
346 1858 564 1942 aliquando
586 1859 799 1946 pervinceret.
829 1857 927 1924 Paulo
942 1861 1014 1943 post
1028 1863 1110 1926 recte
1126 1859 1348 1939 Mommseoius

281 1964 361 2030 ridit
382 1964 601 2050 geminandum
624 1983 691 2030 esse
717 1964 906 2042 consuler
924 1965 979 2030 sed
1000 1965 1195 2032 scribendum
1212 1969 1277 2031 erat
1292 1964 1348 2031 hoc

282 2072 403 2136 ordine:
436 2071 599 2137 inimico
632 2072 764 2136 autern
789 2117 796 2133 .
819 2117 828 2133 .
851 2117 859 2133 .
883 2117 890 2134 .
914 2073 1181 2155 <consule>,
1215 2071 1347 2136 altero

281 2177 683 2245 consulereierente.
880 2161 887 2196 ⁸
963 2191 976 2201 '¹

379 2295 458 2372 ibid.
492 2306 548 2370 13:
589 2325 671 2372 curn
705 2287 836 2372 omnia
865 2327 948 2373 curn
982 2309 1165 2374 omnibus
1199 2307 1345 2374 ioedera

281 2397 622 2480 reconciliatione
644 2415 868 2497 gratiarum
890 2417 1086 2499 sanguine
1108 2435 1190 2481 meo
1215 2415 1343 2481 sanci·

280 2524 431 2588 r'entur.
475 2519 676 2587 scribendum
691 2539 776 2586 ess-e:
799 2539 882 2586 cunr
905 2521 1035 2608 omnia
1056 2540 1140 2587 cnm
1162 2522 1344 2587 omnibus

280 2628 573 2711 loedere<ac>
594 2626 875 2694 reconciliationes
900 2627 1123 2712 gratiarum
1151 2626 1345 2712 sangnine

265 2755 363 2801 nreo
393 2735 671 2814 sancirentur,
699 2735 731 2799 et
758 2733 915 2800 sententia
942 2733 1078 2800 ostendit
1098 2742 1154 2812 (—
1176 2754 1249 2800 nam
1276 2753 1343 2800 cum

280 2831 445 2907 foederibus
491 2840 644 2906 cohaerent
681 2841 850 2924 gratiarum
886 2840 1149 2908 reconciliationes
1187 2841 1345 2906 hominum

281 2947 372 3012 antea
408 2945 656 3024 dissentientium
689 2948 728 3012 ad
759 2948 932 3013 communia
964 2937 1104 3014 consilia
1126 2947 1344 3031 persequenda.

279 3071 348 3117 cunr
380 3055 528 3136 sanguine
558 3052 708 3120 Ciceronis
739 3054 972 3137 perversissime
992 3054 1218 3139 coniunguntur
1239 3061 1293 3128 -l
1315 3055 1346 3118 et

279 3158 409 3240 pluralis
432 3149 552 3226 numeri
570 3154 1017 3252 ·genetirns'('gratinrum),
1039 3157 1187 3244 'quonia'm
1209 3160 1344 3244 alioquin

280 3255 625 3334 reconciliatione
646 3268 789 3350 gratiae
812 3267 1008 3333 scribendum
1033 3266 1104 3354 ¹chit.
1160 3267 1344 3354 Exciditur

279 3373 349 3453 post
367 3377 407 3438 a.
455 3370 560 3450 (initio
576 3362 579 3366 ’
596 3363 781 3458 paragraphi
817 3374 925 3458 opinor
957 3373 1139 3462 Ciceronem*
1172 3373 1345 3455 scripsisse:

277 3477 354 3569 Hic
370 3479 524 3572 quantun
542 3479 741 3546 interluit
762 3480 872 3546 inter
892 3485 949 3546 me
966 3475 1209 3573 etinimicos
1225 3481 1344 3546 meos!

280 3583 359 3649 Nam
381 3581 437 3652 illa
460 3586 556 3670 ligura
577 3585 734 3665 orationis,
766 3607 826 3670 qun
854 3588 1004 3654 rocabulo
1024 3590 1191 3654 'tantum
1224 3607 1277 3671 pro
1305 3590 1346 3650 ut

290 3853 292 3858 '
333 3852 360 3922 *)
376 3849 466 3922 'Quom
484 3855 582 3913 vellem
601 3857 721 3915 editores
744 3873 799 3912 nou
826 3857 1014 3927 corrrrpisseut
1038 3857 1053 3927 ᾖ
1074 3859 1107 3914 12
1126 3853 1267 3912 Ciceronis
1286 3872 1346 3912 ora·

315 3959 317 3964 ’
379 3949 481 4024 tionem
500 3951 722 4020 (existimatio
744 3957 859 4006 vestra
883 3951 1042 4025 tenebrae,
1066 3952 1118 4007 hoc
1138 3956 1189 4030 est,
1215 3950 1281 4018 quid
1299 3965 1346 4006 vos

353 4065 356 4070 ‘¹
380 4042 413 4098 de
432 4059 461 4098 se
480 4043 649 4112 existimetis,
664 4049 845 4098 contemnunt
866 4059 898 4098 ac
922 4061 971 4114 pro
998 4045 1084 4100 nihilo
1103 4043 1217 4113 ducunt)
1235 4043 1347 4116 recepta

298 4139 360 4181 ¹1ss
380 4137 543 4206 Pantagathi
561 4136 728 4191 coniectura.
776 4127 778 4134 '
1104 4151 1106 4154 ·
