3008 4654
305 303 367 368 220
664 299 725 354 Lib.
743 299 779 354 11.
799 299 864 368 Cep.
881 297 929 352 IV.

264 498 426 567 necessarii
460 498 685 582 propinquique
717 496 942 580 intelligantur.
990 496 1138 577 Exempla
1170 491 1333 558 'leuitici

264 606 404 672 Suetonii
426 606 459 670 in
482 604 588 670 lexicis
613 605 818 687 reperientur3
842 603 986 667 inferiore
1009 604 1100 666 aetate
1115 599 1223 666 eodem
1239 597 1334 664 morlo

263 715 464 780 caritates
485 711 676 787 dicebantur,
698 709 751 793 qui
773 729 848 775 usus
870 707 952 792 apud
969 709 1166 772 Ammiauum
1189 704 1335 787 frequens

264 822 321 886 est.
356 818 422 900 [Sic
442 820 505 884 ium
529 817 731 896 Perizonius]

367 961 443 1026 lbid.
466 959 522 1025 43:
555 959 730 1024 Donavit
758 963 873 1041 pater
901 959 994 1022 tuus
1020 957 1163 1033 multa,
1185 954 1336 1036 etipse

264 1069 439 1145 donasti.
472 1065 654 1132 cesserit
675 1085 811 1148 parum
834 1067 975 1148 gratus
998 1069 1056 1129 cet.
1089 1061 1181 1127 Varie
1198 1063 1333 1125 extrema

263 1177 440 1251 tentantur3
465 1175 528 1238 veri
551 1171 745 1237 simillimum
769 1170 845 1235 mihi
869 1170 1006 1236 ridetur:
1034 1169 1214 1235 Decesserit
1237 1173 1331 1243 (rnor-

265 1285 336 1348 tuus
359 1282 402 1345 sit
423 1279 548 1364 aliquis)
570 1297 703 1362 parurn
728 1281 869 1362 gratus
892 1277 983 1353 (nihil
1003 1279 1187 1342 testamento
1202 1271 1334 1356 principi
1416 1305 1418 1310 ·

264 1391 462 1474 relinquens).

366 1531 445 1596 ibid.
467 1532 507 1592 44
530 1528 581 1606 (de
608 1529 752 1604 Traiano,
782 1483 947 1610 autequam
975 1526 1114 1610 princeps
1143 1522 1240 1599 lieret,
1270 1522 1334 1586 Do·

264 1637 386 1704 miliani
408 1639 548 1718 ternpore
562 1639 714 1718 experto:
733 1634 974 1706 Meministi,
998 1651 1079 1715 quae
1101 1636 1241 1714 optare
1264 1649 1332 1694 uo·

264 1745 436 1820 biscum,
468 1762 549 1825 quae
586 1743 641 1808 sis
676 1740 792 1826 queri
828 1739 990 1806 solitus.
1041 1738 1134 1804 Nam
1171 1739 1337 1820 privato

265 1852 418 1918 iudicio
462 1849 687 1933 prinoipem
730 1849 856 1932 geris,
899 1846 1107 1912 meliorem
1141 1846 1258 1911 immo
1295 1847 1334 1908 te
1432 1913 1434 1916 ,

264 1957 451 2038 prestas,
473 1974 587 2036 quam
609 1954 688 2021 tibi
709 1955 832 2020 alium
856 1953 1083 2038 precabare.
1117 1952 1243 2018 Nullam
1266 1970 1337 2018 esse

265 2079 364 2128 causes
389 2061 646 2144 significationem
662 2062 759 2127 sensit
775 2061 932 2126 Livineius
947 2060 1153 2144 substituique
1171 2078 1225 2143 pro
1247 2079 1332 2124 nom

267 2167 362 2232 voluit
383 2185 492 2232 nuuc.
541 2168 581 2232 ut
602 2168 724 2232 facilius
746 2169 778 2232 et
799 2169 902 2250 aptius
924 2166 1126 2232 substituitur
1146 2167 1220 2246 iam,
1250 2167 1332 2250 quod

266 2275 297 2338 ct
317 2275 477 2355 praeseutis
499 2274 647 2357 temporis
669 2273 902 2340 simulationis
924 2273 1180 2360 significationem
1203 2274 1304 2342 babel.

366 2413 444 2480 Ibid.
477 2416 517 2480 48
547 2416 599 2494 (cie
631 2417 777 2482 comitate
810 2417 934 2482 Traiani
967 2435 1040 2499 crgo
1072 2420 1227 2481 senatores
1261 2435 1335 2481 eum

266 2519 467 2601 salutantem:
505 2525 648 2608 ltaque
680 2543 753 2590 nou
785 2523 860 2589 alii
893 2527 932 2589 et
963 2522 1138 2587 attoniti
1178 2542 1247 2588 uec
1289 2527 1339 2588 ut

171 2625 173 2632 '
264 2627 491 2712 periculum
512 2631 663 2713 capitis
686 2632 843 2698 adituri
866 2630 1085 2707 tarditate,
1108 2630 1176 2694 scd
1199 2630 1334 2695 securi

264 2738 303 2802 et
334 2735 503 2812 hilares,
542 2755 624 2804 cum
662 2739 906 2804 commodum
944 2738 1021 2812 ost.
1059 2736 1333 2802 convenimus.

265 2840 449 2910 Meudosum
471 2861 538 2910 esse
562 2844 636 2909 alii
664 2846 741 2909 satia
760 2849 808 2910 est
833 2844 1048 2919 menifestum
1070 2841 1198 2908 aliorum
1214 2861 1333 2908 correc-

264 2945 364 3012 tiones
385 2948 506 3032 longius
528 2951 679 3030 aberrant,
708 2950 805 3016 Keilii
828 2950 1006 3033 (pallidi)
1029 2951 1214 3016 seutentiam
1236 2949 1336 3014 elficit

264 3055 378 3120 rectam
409 3059 442 3120 et
473 3057 687 3138 necessariam,
723 3058 897 3124 litterarum
935 3057 1076 3140 vestigiis
1112 3075 1170 3121 non
1207 3056 1336 3122 insistit.

265 3158 335 3226 Una
355 3161 459 3226 littero
482 3164 633 3230 mutanda
654 3167 712 3242 est,
741 3166 776 3230 ut
803 3165 875 3230 fiat:
910 3164 1052 3247 ltaque
1085 3183 1159 3229 nou
1193 3161 1261 3229 albi
1293 3171 1334 3228 ob

264 3267 438 3334 attoniti
471 3271 530 3335 cet.
591 3272 734 3337 Album
768 3291 849 3342 eum.
883 3271 935 3354 qui
968 3289 1080 3352 pauore
1114 3270 1238 3353 palleat,
1271 3268 1332 3334 ilici

264 3376 448 3442 testimoniis
472 3376 571 3442 Persii
593 3381 626 3442 et
647 3377 802 3444 Martialis
824 3378 922 3442 lexico
943 3378 1119 3443 ostendunt.

363 3495 442 3560 ibid.
473 3497 530 3561 53:
571 3495 706 3582 Neque
743 3496 846 3561 enim
883 3497 987 3561 satis
1025 3497 1172 3560 amarit
1208 3496 1335 3559 bonos

263 3599 490 3683 principes,
514 3604 579 3686 qui
612 3604 738 3671 malos
771 3604 873 3668 sutis
907 3621 980 3668 nou
1011 3602 1157 3667 oderit.
1213 3601 1338 3666 Plinius

264 3705 446 3789 scripserat:
471 3709 540 3792 qui
561 3709 686 3775 malos
707 3729 779 3774 non
806 3709 955 3785 oderit;
979 3709 1157 3774 adverbium
1174 3727 1244 3775 oum
1261 3726 1333 3772 sen·

263 3812 370 3878 lentie
392 3819 424 3880 et
445 3816 595 3880 eoumiuis
613 3815 797 3881 detrimento
813 3834 849 3880 ex
864 3815 963 3898 priore
978 3816 1116 3880 membro
1130 3815 1191 3882 huc
1206 3814 1330 3879 illatum

263 3920 320 3982 est.
365 3919 413 3984 Acl
433 3921 580 3986 virtutem
598 3921 678 3988 satis
700 3925 732 3986 et
754 3940 823 3986 rere
841 3923 1003 3986 arnaudum
1019 3940 1143 3988 necesse
1158 3924 1207 3987 est
1221 3921 1335 3986 vitium

264 4023 376 4103 odisse,
412 4045 472 4092 non
505 4029 581 4092 setis
612 4028 722 4104 odisse,
756 4028 837 4110 quod
869 4026 998 4094 ridicule
1032 4027 1153 4106 dicitur,
1187 4027 1334 4110 quoniam

263 4129 355 4197 buius
377 4132 439 4198 odii
462 4132 547 4198 nullo
570 4152 712 4200 rneusuru
734 4134 870 4218 intelligi
893 4137 1004 4217 potest.
