3012 4652
566 306 706 363 Ciceronis
724 307 858 378 epistolae.
1145 307 1205 372 189

276 501 356 567 Ibid.
379 502 430 582 24,
452 504 491 569 4:
521 504 585 570 Ita
616 509 685 571 aut
717 505 825 571 nihil
852 507 947 590 puto
977 525 1062 572 eum
1082 505 1246 584 habere,

176 608 278 693 quod
299 609 418 692 putet
438 611 484 675 ad
506 629 563 676 me
584 612 765 678 celerius
786 612 1086 696 perferendum,
1115 613 1183 680 aut
1204 632 1247 679 eo

175 733 232 780 me
265 716 394 800 magis
426 735 515 783 erse
548 715 801 802 despectum,
834 722 877 786 ut
908 764 1075 784 ......
1109 721 1156 785 ed
1189 738 1248 786 me

176 821 331 889 referre
352 842 427 890 non
450 825 573 890 curet.
617 825 747 891 Prorsus
762 825 899 891 alienum
914 828 963 892 est
983 825 1110 911 magis
1126 831 1247 909 (-po-

4 951 6 968 ι
84 969 86 974 ·
177 930 259 994 terat
281 928 342 997 diei
364 949 407 998 eo
429 949 553 1015 usque
576 938 646 1011 -);
677 933 871 998 scribendum
892 933 1031 998 ridetur:
1064 933 1135 998 aut
1165 931 1247 1000 odeo

175 1053 231 1102 me
254 1036 372 1121 <in>
392 1037 485 1106 malis
507 1057 594 1104 esse
616 1039 862 1123 despectum.

276 1144 355 1210 ibid.
371 1144 440 1225 Xii,
457 1145 508 1225 32,
524 1146 559 1212 2:
582 1145 771 1212 Ciceroni
793 1148 913 1214 uelim
935 1146 1007 1212 hoe
1028 1151 1245 1229 proponas,

174 1250 233 1316 ita
260 1253 408 1332 tamen,
443 1251 476 1317 si
507 1253 586 1318 tibi
619 1272 691 1318 uon
725 1254 908 1338 iniquum
941 1250 1170 1331 ridebitur,
1204 1253 1247 1317 ut

174 1358 1246 1444 sumptushuiusperegrinationis,quibus,siRomae

175 1466 284 1530 esset
306 1462 545 1550 domumque
569 1466 834 1546 conduceret,
858 1466 961 1550 quod
982 1468 1117 1532 faeere
1140 1466 1247 1551 eogi-
1336 1535 1338 1538 .

173 1571 306 1651 tabat,
338 1572 464 1638 facile
501 1575 719 1639 contentus
756 1575 919 1640 futurus
956 1574 1058 1652 eret,
1097 1591 1246 1640 accom-

174 1679 308 1745 modet
345 1680 392 1745 ad
427 1681 633 1746 mercedes
670 1680 853 1766 Argileti
886 1683 924 1746 et
959 1679 1171 1759 Aventini,
1207 1684 1247 1745 et

94 1843 99 1858 ,
174 1803 257 1850 cum
281 1785 316 1850 ei
338 1786 720 1871 proposueris,ipse
738 1785 1245 1871 velimreliquamoderere

174 1894 231 1959 cet.
281 1893 347 1974 Quo
381 1896 507 1961 taudem
540 1895 631 1961 modo
664 1892 771 1961 Cicero
802 1894 896 1972 lilius,
930 1893 957 1960 si
979 1893 1085 1959 Romae
1108 1896 1246 1961 maneret

166 2000 358 2084 vdomumque
391 2002 584 2082 conduceret,
624 2003 746 2085 poterat
778 2002 938 2068 contentus
971 2019 1038 2068 esse
1071 2001 1245 2085 sumptibus

172 2107 437 2192 peregrinationis,
460 2109 512 2192 qui
532 2109 600 2174 tum
616 2110 696 2176 uulli
710 2109 808 2175 futuri
823 2111 933 2176 eraut?
956 2108 1245 2174 Manifestissimum

174 2216 222 2280 est
253 2213 430 2281 Ciceronem
463 2219 604 2301 sumptus
636 2218 893 2303 peregrinationis
928 2215 985 2282 filii
1018 2216 1244 2282 accommodari

174 2321 253 2386 velle
276 2321 316 2387 ad
338 2323 476 2408 regulam
499 2322 638 2407 aliquam
660 2327 692 2390 et
713 2344 900 2404 mensuram,
928 2342 988 2408 qua
1011 2325 1174 2390 contentus
1197 2325 1246 2388 lu·

173 2430 261 2495 turus
282 2429 374 2511 esset,
397 2430 425 2495 si
447 2429 554 2495 Romae
583 2433 724 2497 maneret
750 2451 806 2498 nee
827 2433 1083 2516 peregrinaretur.
1137 2431 1245 2514 Itaque

172 2535 223 2601 hie
237 2538 274 2600 ut
288 2536 364 2602 aiibi
379 2537 536 2603 interdum
552 2531 750 2621 transpositio
766 2539 849 2606 lecto
870 2539 919 2606 est
940 2537 1062 2622 aliquot
1081 2537 1245 2603 uerborum

171 2642 307 2725 primum
331 2663 430 2709 errore
453 2643 649 2723 omissorum,
680 2643 792 2710 deiude
820 2644 920 2710 alieno
951 2643 1018 2710 loco
1046 2644 1244 2710 insertorum.

173 2749 375 2816 Ciceroeuim
393 2751 572 2833 scripserat:
595 2754 638 2817 ut
659 2750 843 2834 sumptus
865 2750 985 2816 huius
1006 2750 1244 2836 peregrina-

171 2856 301 2923 tionis
344 2859 617 2924 accommodet
660 2857 707 2924 ad
747 2858 952 2924 mercedes
988 2858 1170 2944 Argileti
1205 2863 1244 2925 et

171 2963 385 3043 Auentini,
422 2965 585 3049 quibus,
630 2965 663 3031 si
699 2966 825 3031 Romae
863 2966 973 3031 esset
1008 2966 1243 3050 domumque

171 3071 431 3151 conduceret,
456 3072 558 3156 quod
579 3071 713 3138 iacere
741 3073 969 3157 cogitabat,
999 3073 1126 3139 facile
1148 3093 1242 3140 con-

171 3178 310 3244 tentus
332 3179 495 3245 iuturus
521 3181 623 3256 erat,
648 3180 686 3245 et
709 3180 851 3246 cumei
873 3181 1139 3264 proposueris
1161 3183 1219 3248 cet.

270 3296 349 3363 ibid.
365 3299 416 3375 40,
433 3299 467 3362 4:
487 3297 580 3363 Nam
605 3298 706 3382 quod
728 3299 775 3364 ad
796 3317 853 3366 me
875 3299 919 3364 de
942 3298 1114 3365 Lentulo
1137 3300 1241 3365 seri-

170 3402 249 3484 bis,
279 3421 354 3470 uon
384 3406 445 3472 est
467 3405 505 3471 iu
529 3424 581 3471 eo.
637 3405 798 3473 Postrema
818 3405 884 3472 haec
903 3407 995 3473 verba
1016 3425 1077 3471 nou
1099 3406 1241 3473 videntur

169 3510 306 3596 intelligi
327 3529 425 3596 posse.
476 3513 682 3595 Aptissimum
712 3512 805 3578 etad
827 3512 1015 3579 seutentiam
1038 3515 1069 3578 et
1091 3514 1131 3579 ad
1151 3512 1239 3579 litte-

169 3636 273 3683 rarum
295 3619 428 3704 uestigia
449 3621 513 3686 est:
537 3638 612 3685 non
633 3617 814 3686 extimesco.

270 3724 348 3791 ibid.
371 3727 423 3808 43,
447 3727 482 3792 1:
508 3726 615 3792 scies
636 3729 729 3792 ante
750 3727 976 3809 utrumque.
1000 3725 1109 3806 Quod
1132 3726 1238 3792 scies

168 3832 279 3897 recte
301 3831 416 3897 illem
435 3852 516 3899 rem
539 3835 621 3899 fore
645 3833 874 3900 levamento
905 3834 1004 3899 bene
1027 3832 1131 3900 facis
1153 3852 1236 3899 eum

167 3938 207 4003 id
238 3957 342 4019 esse,
364 3938 464 4005 mihi
486 3941 620 4019 erede,
652 3939 837 4023 perinde,
872 3941 916 4006 ut
937 3939 1173 4007 existimare
1196 3943 1238 4005 tu

169 4063 242 4110 non
264 4051 389 4129 potes.
412 4047 610 4129 ineptissime
636 4048 781 4133 coniungi
803 4049 904 4132 quod
927 4050 1032 4115 scies
1055 4094 1115 4127 ...,
1139 4047 1237 4114 bene

167 4153 270 4219 facis
300 4154 438 4237 apparet,
472 4155 536 4221 sive
559 4155 645 4221 uerbi
668 4157 772 4221 scies
795 4154 1053 4239 significationem
1076 4155 1140 4222 sive
1155 4157 1236 4221 tern-
