3008 4650
555 293 694 349 Ciceronis
713 295 860 350 orationes.
1141 294 1201 356 125

174 493 316 575 separate
337 492 473 576 certique
497 493 618 576 generis
640 491 766 557 additur
788 492 945 575 exemplis.
1001 492 1063 558 Sed
1084 491 1244 559 lenissima

175 597 363 665 correctione
383 616 433 664 res
456 599 631 681 expeditur:
654 599 744 664 Cum
767 599 963 682 exemplis
984 600 1123 664 uterer
1145 599 1244 664 mul-

157 693 1244 789 Ι116(-661661661116666166166666116116-),66661ο

174 815 212 877 et
243 812 289 877 ab
322 811 477 895 seripto
510 813 569 877 oet.
624 811 794 895 Aptissime
824 811 929 877 Oioero
963 812 1118 896 significet
1147 831 1179 877 66
1212 813 1243 876 16

176 918 320 1000 nequitate
342 917 533 984 defendenda
561 937 652 984 usum
681 935 748 983 6666
776 919 900 1001 6666616
919 918 1012 986 huius
1034 918 1155 1004 generis
1177 935 1244 982 me·

173 1026 261 1100 toria,
289 1043 358 1109 quoe
386 1025 418 1089 in
448 1024 595 1108 exemplis
622 1023 721 1109 posite
749 1025 801 1092 611.
849 1025 1027 1092 0661666166
1053 1025 1141 1091 Brut.
1166 1023 1243 1088 143:

175 1149 259 1196 oum
289 1131 335 1196 de
363 1150 470 1215 aequo
495 1133 533 1196 et
554 1131 654 1197 bono
677 1129 964 1214 disputaretur
985 1135 1243 1217 argumento-

83 1247 87 1254 ·
175 1237 264 1302 6666
280 1237 319 1302 61
340 1235 666 1304 similitudinum
687 1239 810 1320 66616.

274 1404 433 1470 11161956
467 1405 557 1487 Ipse
589 1423 704 1487 porro
726 1403 880 1472 066166
908 1424 1036 1471 66666
1065 1404 1244 1470 moribus

176 1510 322 1578 deduoi
343 1512 524 1583 volebat,
553 1510 672 1595 idque
702 1510 783 1576 tibi
809 1512 853 1577 de
876 1510 1090 1578 6661661666
1115 1510 1245 1576 dehis

176 1618 220 1684 de
250 1617 409 1702 Aquilii
442 1619 650 1684 666166116
688 1619 957 1700 responderet
996 1621 1036 1685 et
1070 1620 1244 1701 aequum?

175 1727 225 1791 At
257 1726 360 1791 enim
397 1724 511 1791 Sulla
543 1724 671 1808 legem
704 1724 815 1789 tulit.
870 1723 969 1804 Quem
999 1725 1146 1791 mendosa
1178 1723 1244 1788 haee

176 1832 247 1908 6161,
271 1831 347 1897 nihil
370 1851 445 1916 6666
468 1838 514 1898 661
544 1849 716 1916 coarguere,
748 1832 892 1914 quoniam
922 1832 1054 1898 editores
1087 1830 1245 1898 verbodo

174 1939 237 2006 his
261 1939 495 2022 deAquilii‚
519 1937 628 2004 deinde
651 1940 690 2004 et
712 1956 861 2022 aequum
884 1939 973 2024 signo
989 1938 1107 2005 infelici
1124 1956 1244 2004 summo
1353 1945 1355 1949 ’

171 2049 239 2114 1666
262 2048 417 2125 notarunt,
439 2064 539 2129 66666
561 2046 626 2110 6116
648 2045 808 2110 sententiae
827 2046 943 2130 6666166
958 2047 1094 2130 apparet.
1128 2045 1245 2111 Verum

175 2155 279 2226 tumen
311 2151 407 2218 multo
439 2154 542 2218 minus
574 2152 681 2238 grevia
702 2151 827 2217 vnlnere
858 2154 946 2234 6661,
968 2167 1061 2238 quarn
1091 2153 1243 2218 ridentur.

178 2259 317 2325 Primum
340 2260 421 2324 enim
444 2259 522 2325 illud
545 2251 753 2342 61666666]
776 2277 793 2322 6
815 2259 1022 2344 superioribus
1040 2261 1244 2344 separandum

77 2453 80 2460 Ι
178 2368 339 2450 66161666
361 2369 399 2446 61,
434 2384 502 2448 quse
536 2364 686 2449 sequitur,
721 2365 920 2448 disputationi
953 2367 1010 2433 hae
1039 2369 1137 2433 formu
1165 2386 1245 2450 proe-

177 2473 352 2556 poneudum
390 2476 451 2540 est:
488 2473 560 2539 Est
594 2489 751 2557 equum.
811 2475 861 2538 At
899 2473 1003 2537 enim
1041 2473 1148 2538 Sulla
1184 2475 1244 2538 oet.

179 2580 283 2646 Oiooro
304 2579 496 2645 adversarios
518 2578 682 2663 signifieat,
705 2598 775 2644 eum
798 2578 840 2658 id,
867 2579 945 2663 quod
968 2579 1116 2645 haetenus
1138 2577 1245 2645 deten-

179 2687 268 2760 derit,
290 2706 410 2770 aequum
434 2690 501 2752 6666
523 2685 687 2752 concedere
710 2686 865 2769 cogantur,
892 2703 971 2750 noro
993 2686 1173 2769 argumento
1197 2686 1244 2750 uti

178 2794 290 2869 666661,
313 2792 396 2877 quod
418 2811 454 2858 ex
476 2792 572 2858 Sullee
592 2793 660 2876 lege
686 2791 808 2858 ducent.
859 2791 978 2856 Deinde
1000 2810 1045 2871 66,
1072 2811 1138 2876 6666
1167 2811 1245 2875 6666-

156 2951 157 2956 1
178 2900 291 2966 cedunt
313 2903 345 2967 61
365 2900 552 2985 superiorem
574 2900 674 2965 looum
697 2897 893 2976 concludunt,
916 2897 961 2963 616
982 2899 1143 2965 scribendo
1157 2902 1245 2966 sunt:

178 3007 292 3092 idque
314 3007 388 3073 1111
411 3008 453 3073 de
476 3007 699 3087 amisorum,
722 3005 784 3072 his
806 3004 853 3070 de
875 3005 1025 3092 Aquilii
1047 3006 1246 3072 sententia

178 3113 445 3198 responderet,
467 3115 578 3180 omisso
602 3113 663 3193 de,
686 3113 767 3198 quod
787 3131 887 3179 errore
902 3117 974 3178 ante
996 3112 1058 3179 his
1080 3113 1246 3197 repetitum

179 3222 235 3288 661.
291 3217 410 3288 (166166
431 3219 558 3286 AEbutio
588 3238 625 3285 ex
653 3218 822 3287 emioomm
849 3217 1002 3287 sententie
1034 3220 1245 3303 responderat,

179 3327 228 3394 his
251 3347 287 3394 ex
308 3326 436 3412 Aquilii‚
458 3345 549 3412 quem
572 3329 642 3392 ante
664 3324 908 3403 consuluemt.*)

178 3537 412 3544 m-

231 3668 346 3726 *11116
373 3669 422 3722 99:
449 3668 515 3721 Iam
542 3667 687 3737 populus
715 3683 784 3720 cum
818 3682 887 3721 eum
915 3664 1040 3730 vendit,
1068 3663 1124 3730 qui
1151 3652 1247 3718 miles

279 3761 390 3816 166166
408 3776 472 3815 666
491 3764 553 3821 661,
573 3776 637 3815 666
656 3759 772 3816 adimit
795 3760 824 3814 ei
847 3757 1053 3821 libertatem,
1082 3757 1139 3813 sed
1161 3756 1247 3811 iudi·

281 3861 333 3910 661
351 3870 416 3908 666
434 3869 508 3908 6666
527 3869 597 3908 eum
615 3853 769 3920 liberum,
798 3851 866 3921 qui,
895 3856 929 3905 ut
955 3849 1043 3905 liber
1069 3851 1127 3913 611,
1156 3851 1247 3906 661166

279 3946 466 4017 perieulum
483 3946 601 4001 noluit.
641 3945 777 4001 ’11166116
801 3950 829 4000 et
850 3929 887 4011 id,
913 3943 986 4012 quod
1010 3944 1093 4013 66616
1116 3951 1180 4014 6661
1207 3960 1247 3999 66-

281 4041 380 4110 quitur,
407 4039 472 4094 huie
497 4054 611 4108 prorsus
638 4055 671 4095 ex
699 4055 778 4108 aequo
806 4037 939 4108 positum:
964 4038 1020 4106 qui
1039 4077 1045 4092 .
1066 4079 1072 4092 .
1093 4078 1099 4092 .
1119 4040 1249 4094 censeri

280 4133 442 4200 noluerit,
467 4131 587 4187 ostendit
605 4133 778 4189 66616661166
797 4130 877 4186 modo
896 4131 1028 4200 scriptum
1045 4130 1130 4186 fuisse
1150 4130 1229 4186 nolit.
