3008 4650
315 275 355 338 m
691 273 931 343 mmmm

271 472 542 541 commemoratam
556 489 635 544 esse,
658 468 712 535 sed
728 469 773 536 sic
788 470 907 568 polius:
929 470 1130 552 illumque
1151 468 1221 554 ipsc
1243 469 1353 533 dieis.

271 598 363 646 voce
387 578 495 644 dulci
517 579 556 642 et
577 578 688 679 clara
708 574 846 640 fuisse.
891 576 1088 661 significatur
1109 575 1204 653 locus,
1226 575 1279 658 qui
1295 576 1353 641 cst¹

270 687 309 752 de
332 684 399 752 (lor.
421 684 494 762 313,
527 681 580 747 ubi
601 681 764 748 AEschinoe
791 682 965 764 appellatur
995 676 1342 768 λαμπροφωνότατος.

372 847 524 915 lbid.70:
546 865 631 911 nam
655 847 693 910 et
715 844 938 924 iudicabit,
962 847 1057 928 quid
1080 848 1224 930 cuique
1247 866 1351 929 opus

271 952 578 1037 sit‚etpoterit‚
595 951 968 1035 quocumquemodo
986 952 1350 1034 postulabitcausa

272 1059 416 1125 dicere.
461 1056 558 1124 Valde
574 1077 689 1138 vereor,
712 1078 751 1125 ue
774 1060 846 1142 posi
870 1059 1013 1142 cuique
1037 1059 1184 1124 exciderit
1205 1075 1321 1126 causae.

374 1225 454 1292 lbid.
468 1226 517 1291 73.
549 1226 587 1290 In
607 1226 674 1290 loco
696 1226 841 1309 longiore,
864 1245 956 1309 quam
979 1229 1015 1290 ul
1036 1227 1120 1290 tolus
1143 1225 1350 1292 transscriba-

270 1335 330 1412 rur,
353 1331 548 1415 perspicuum
572 1334 621 1398 esi
642 1351 712 1398 oum
734 1330 851 1397 causali
866 1331 1030 1410 sententia,
1049 1351 1117 1415 quae
1134 1333 1179 1397 sic
1195 1331 1349 1396 decurrite·

270 1438 448 1504 Oumlroc
464 1438 605 1504 decere
628 1483 761 1500 .....
783 1439 974 1520 quantum
997 1440 1066 1513 sit,
1089 1440 1283 1520 appareat
1304 1436 1340 1501 in

270 1545 433 1628 alioque
454 1545 630 1627 ponatur
651 1543 845 1626 aliudque
868 1545 997 1610 lotum
1020 1547 1090 1622 sil,
1118 1546 1250 1610 ulrum
1273 1545 1340 1609 de-

264 1671 358 1718 cere
381 1671 426 1718 au
448 1653 637 1734 oportere
660 1650 771 1716 dicas
793 1655 861 1726 cea,
888 1651 1085 1717 nullomodo
1109 1651 1254 1736 coniungi
1277 1653 1343 1716 haec

270 1777 377 1844 posse:
410 1777 493 1823 cum
525 1757 613 1834 hoc,
647 1755 824 1839 inquam,
857 1757 998 1822 decere
1022 1758 1210 1836 dicimus,
1234 1757 1342 1822 illud

270 1884 343 1931 noo
378 1866 535 1942 decere,
570 1866 608 1930 el
643 1863 1072 1947 idusquequaqueuon
1096 1865 1195 1928 solum
1218 1866 1350 1946 propler·

271 1972 473 2037 indicativum
499 1972 582 2037 verbi
604 1971 741 2045 modum,
774 1971 826 2035 sed
851 1973 930 2053 quod
952 1971 1020 2053 ipsa
1042 1971 1134 2035 verba
1156 1991 1193 2035 ne
1214 1969 1343 2035 minima

271 2079 397 2162 quidem
431 2097 467 2143 ex
498 2078 587 2161 parte
620 2096 720 2143 causae
753 2075 1010 2160 significationem
1032 2077 1127 2142 ullam
1150 2077 1268 2142 habent
1289 2081 1343 2142 aut

271 2187 310 2252 ad
343 2186 472 2251 oratoris
505 2184 581 2262 eius,
604 2182 686 2266 quod
709 2181 826 2262 deceat,
850 2184 990 2248 servandi
1013 2183 1147 2248 officium
1171 2183 1341 2265 perlinam

272 2291 354 2376 quod
389 2294 493 2357 tamen
529 2289 658 2355 delendo
693 2288 826 2354 editores
847 2289 921 2355 inde
943 2310 960 2355 a
983 2291 1131 2370 Lambioo
1153 2293 1348 2375 grassantum.

271 2418 329 2466 nou
352 2398 451 2463 solum
474 2397 542 2462 ideo
567 2399 681 2460 lemene
702 2395 747 2470 fit,
777 2396 856 2480 quod
885 2397 969 2460 nulla
997 2396 1202 2462 'additamenti
1231 2399 1341 2480 proba·

270 2506 342 2571 bilis
365 2506 448 2587 origo
471 2503 711 2581 demonstratur,
738 2504 791 2568 scd
821 2505 916 2568 etiam
938 2502 1018 2586 quod
1040 2503 1108 2584 ipsa
1129 2506 1221 2570 verba
1243 2505 1349 2587 aptis·-

270 2613 349 2679 sima
370 2614 442 2676 sunl
465 2608 505 2674 ad
527 2608 770 2691 declarandam,
787 2608 1006 2693 quaproximc
1026 2610 1221 2690 praecedunt:
1243 2611 1346 2694 quod.

255 2721 427 2799 'semper
448 2733 689 2796 usurpamus
716 2715 755 2780 in
784 2715 969 2781 omnibus
992 2717 1116 2782 dictis
1138 2719 1178 2782 et
1199 2717 1341 2791 factis,

270 2824 454 2892 minimis
472 2825 511 2887 oi
534 2823 726 2887 maximis.
760 2822 863 2888 Unum
880 2841 1057 2904 perversum
1075 2825 1131 2903 est,
1148 2842 1348 2907 quocumque-

270 2931 360 2998 modo
374 2929 468 2993 verba
487 2927 687 3008 accipiuntur,
710 2927 887 3011 iuquam,
911 2931 1066 3012 quoniam,
1088 2943 1190 3012 neque
1213 2931 1239 2995 si
1261 2948 1345 3012 pra--
1479 2977 1480 3008 p

270 3035 448 3103 cedentibus
480 3034 700 3119 adiunguntur,
734 3053 832 3118 neque
865 3036 890 3100 si
913 3035 952 3101 ad
973 3036 1129 3101 causalem
1151 3037 1344 3102 senientiam*

186 3151 188 3155 '
269 3141 441 3219 trahuntur,
475 3141 539 3206 ulla
571 3141 620 3206 hic
653 3143 701 3207 est
730 3141 877 3207 orationis
904 3143 1085 3225 interruptae
1108 3142 1336 3226 redintegralio.

269 3248 385 3331 Opinon
401 3247 581 3313 Ciceronem
596 3247 641 3314 sic
663 3248 838 3331 scripsisse:
863 3248 951 3314 Cum
976 3248 1047 3313 hoc
1069 3249 1208 3314 decere
1223 3249 1342 3332 (quod,

268 3373 423 3437 semper
448 3373 686 3437 usurpamus
708 3356 746 3420 iu
769 3355 951 3420 omuibus
981 3355 1106 3420 dictis
1137 3358 1175 3420 cl
1198 3354 1343 3432 lactis*

268 3461 447 3528 minimis
469 3462 507 3528 el
529 3461 729 3535 maximis,
758 3479 842 3526 cum
873 3461 945 3528 hoc
966 3461 1092 3546 uspiam
1115 3461 1255 3527 decere
1278 3460 1335 3525 di·

161 3577 173 3634 '.
268 3571 411 3647 cimus,
447 3567 554 3633 illud
583 3587 655 3634 uon
692 3569 850 3646 decere,
886 3569 925 3633 ei
960 3567 1000 3632 id
1036 3574 1343 3650 usquequaque>

268 3676 458 3758 quantum
491 3672 563 3749 sit,
598 3675 793 3758 appareat
815 3673 872 3739 cel.
932 3674 1066 3739 Primum
1089 3673 1205 3750 Cicero,
1228 3693 1333 3757 quem-

268 3780 433 3847 admodum
455 3781 586 3862 sparsim
608 3782 640 3847 el
661 3781 692 3844 iu
715 3780 847 3864 siugulis
869 3779 960 3846 rebus
983 3780 1092 3846 decere
1107 3783 1138 3845 et
1153 3799 1213 3847 nou
1229 3781 1342 3846 decere·
1446 3815 1450 3820 ·

266 3887 383 3971 aliquid
407 3886 537 3965 dicotur,
561 3886 725 3970 significat,
758 3886 866 3951 deiude
896 3885 987 3950 huius
1009 3885 1094 3952 verbi
1115 3905 1204 3952 usum
1229 3888 1261 3952 el
1283 3887 1335 3951 de-

266 3994 345 4060 coris
366 3992 514 4057 iudicium
540 3992 579 4057 ad
602 3994 704 4057 omnia
730 3991 907 4082 pervulgari
934 3991 1012 4056 dicit
1033 3993 1082 4070 (el
1115 3993 1153 4058 id
1186 4011 1335 4076 usque·

265 4105 445 4184 quaque).
498 4099 545 4163 Ao
573 4097 612 4162 dc
639 4100 705 4163 iota
735 4096 859 4180 quidem
888 4097 948 4163 loci
979 4099 1076 4164 forma
1098 4101 1130 4164 el
1152 4095 1341 4165 cohaerentia
