3008 4654
459 373 462 379 ,
527 316 686 378 Ammianus
704 316 888 372 Marcellinus.
1137 317 1198 380 261
1244 271 1247 275 Ι

174 531 423 597 cernensque
444 517 621 594 neutum,
641 513 755 578 molli
777 513 944 596 capillo,
963 515 1066 580 rasis
1086 513 1242 579 assidue

174 619 1243 705 gensibuslneentibusaddeoorem,usquecdpnbem

174 726 356 810 ub'ipsis
389 726 489 791 colli
522 726 719 792 confiniis
753 726 917 811 longior
937 735 995 792 cet.
1045 725 1096 792 Sic
1118 725 1242 793 codices

175 832 236 898 fide
259 832 342 916 digni
366 832 429 896 VP.
485 832 572 912 Quod
605 852 641 898 ex
668 834 871 898 deterioribus
899 834 1018 898 editur:
1051 835 1156 900 rasis
1178 852 1243 898 as·

176 938 293 1004 sidus
325 939 440 1023 genis
475 940 712 1004 lucentibus
741 939 786 1004 ad
814 939 1013 1016 decorem,
1053 948 1172 1006 rectum
1195 941 1245 1005 est

175 1049 307 1130 genis,
342 1045 396 1110 sed
429 1045 600 1111 occultetur
632 1045 799 1129 vestigium
829 1046 1026 1112 manifestum
1058 1046 1242 1113 substantivi

176 1153 247 1234 post
279 1151 311 1216 id
343 1151 525 1216 vocabulum
559 1152 682 1217 latentis
712 1155 745 1216 et
775 1152 875 1234 prime
903 1156 991 1234 parte
1013 1153 1163 1226 trunculi3
1187 1170 1244 1218 nec

178 1275 265 1342 genno
286 1257 410 1323 assidue
433 1276 510 1322 rasae
531 1258 570 1323 ad
593 1257 735 1324 decorem
750 1258 851 1323 lucere
866 1263 938 1341 apte
955 1260 1106 1325 dicuntur.
1127 1259 1244 1326 Emon—
1362 1309 1367 1316 .

178 1363 262 1429 datio
284 1365 317 1428 et
338 1363 437 1436 facilis
460 1365 555 1430 estet
570 1365 672 1428 certa:
696 1365 801 1428 rasis
823 1365 988 1431 assidue
1010 1365 1142 1450 genis,
1165 1363 1245 1432 den·

177 1470 264 1538 tibus
288 1469 523 1536 lucentibus
546 1470 591 1535 ad
616 1469 799 1535 decorem
822 1471 880 1535 cet.

278 1575 459 1654 Liblinl,
473 1578 501 1652 7,
515 1578 550 1642 2:
573 1575 672 1641 Dein
689 1575 856 1654 (Iulianus)
873 1575 1113 1640 Mamertino
1134 1574 1245 1640 ludos

178 1685 321 1750 edente
347 1685 570 1760 circenses,
605 1681 960 1748 manumittendis
990 1701 1033 1746 er
1055 1700 1160 1748 more
1182 1681 1245 1745 in-

179 1791 345 1857 ductis.
369 1837 377 1852 .
401 1836 408 1852 .
430 1787 627 1873 ipselege
650 1790 714 1873 agi
737 1789 897 1854 dixerat
919 1794 978 1854 oet.
1018 1787 1246 1870 Quipraesidet,

179 1897 249 1980 lege
271 1897 321 1979 agi
343 1895 439 1973 iubet,
463 1914 519 1959 non
543 1895 628 1962 dicit.
668 1897 702 1960 ln
726 1894 880 1961 codicibus
903 1894 1047 1960 scribitur
1072 1893 1160 1975 lege
1182 1894 1247 1977 egi

179 2003 324 2068 ductus
348 2003 516 2066 dixerat.
572 2002 704 2068 Videtur
726 2002 867 2068 subesse:
899 2002 988 2083 lege
1018 1999 1081 2084 egi
1104 1999 1249 2066 iusserat

179 2107 285 2175 etius
307 2107 477 2172 dixerat.
531 2107 648 2174 Saltem
681 2109 743 2173 ius
776 2108 936 2173 dixerat
968 2107 1085 2172 certum
1114 2105 1246 2183 videtur,

179 2213 273 2278 etiam
296 2214 335 2279 ob
358 2232 402 2291 ea,
425 2232 493 2296 quae
515 2214 719 2282 subiiciuntur
740 2213 779 2279 de
800 2212 878 2278 iuris
901 2212 1034 2278 dictione
1058 2212 1247 2279 adulterum

178 2320 355 2402 pertinenti.

281 2425 356 2491 lbid.
384 2426 401 2510 ἕ
424 2425 460 2488 3:
485 2427 756 2509 praeclarique
778 2424 895 2490 illius
918 2424 1023 2490 dicti
1044 2425 1249 2489 immemor
1363 2451 1366 2460 ⁴

179 2531 376 2610 Tulliani,
398 2550 471 2614 quo
493 2531 600 2598 tales
622 2531 1141 2598 notandoitarelcturnmet.
1165 2527 1246 2594 Scri-

180 2638 330 2704 bendnm:
353 2639 438 2725 quod
460 2639 567 2704 tales
590 2637 764 2704 notando
786 2639 844 2702 ita
864 2638 1037 2703 relatum
1061 2639 1156 2713 (sti).

281 2755 640 2834 lbid.8,13(delo):
669 2758 839 2832 mutata,
861 2757 903 2820 ut
924 2759 1051 2836 poetae
1072 2754 1247 2838 loquun-

181 2865 260 2939 tur,
282 2863 323 2926 in
346 2864 481 2929 bovem
504 2865 548 2928 ad
570 2861 848 2927 mareIonium
864 2862 1095 2944 permeavit.
1118 2858 1250 2924 (lodices

181 2968 317 3051 antiqui:
348 2969 572 3052 loquuntur
607 2969 645 3034 iu
679 2987 844 3051 nequem
879 2966 926 3031 ad
960 2986 1074 3031 mare.
1118 2965 1249 3031 Videtur

181 3072 484 3150 suissetmuteta,
508 3077 696 3156 ntpoetee
719 3074 957 3158 loquuntur,
980 3073 1170 3140 iuvencam
1193 3089 1248 3138 us·

181 3197 242 3264 quc
264 3181 310 3244 ad
333 3200 438 3247 mare
461 3181 615 3246 Ionium
639 3181 874 3263 permeavit.

283 3286 482 3364 lbid.10,5:
506 3288 676 3353 Inducta
699 3287 739 3351 iu
761 3286 959 3352 indicium
981 3285 1131 3351 femina
1152 3302 1253 3366 quae·

184 3392 269 3458 dam
285 3411 368 3458 cum
384 3395 611 3476 palatinum
627 3379 905 3458 adversarium
924 3411 1035 3457 suurn
1057 3410 1073 3456 e
1095 3407 1252 3455 numero

97 3551 100 3556 .
183 3498 458 3580 proiectorum
480 3501 655 3565 cinctum
678 3500 822 3583 praeter
843 3517 948 3580 spem
968 3498 1253 3580 conspexisset

184 3607 244 3670 cet.
294 3605 511 3671 Scribendcm:
543 3624 744 3670 enumero
765 3605 993 3690 protectorum.
1044 3602 1249 3668 Notissimnm

183 3711 242 3777 hoc
286 3713 334 3776 eet
379 3730 476 3795 genus
519 3711 639 3779 militia
681 3710 834 3793 palatinae.
893 3709 959 3789 [Sic
991 3709 1141 3774 editiones
1180 3710 1253 3773 aute

182 3817 368 3897 valesium]

284 3924 363 3989 lbid.
388 3923 436 4003 14,
460 3925 496 3988 5:
519 3922 737 3989 clementia
758 3921 976 4005 principie,
1004 3923 1071 4004 qui
1094 3924 1136 3985 ut
1157 3940 1254 4004 pru·

185 4030 281 4096 dens
317 4029 516 4095 delinivit
548 4030 803 4094 inimieorum
840 4029 1016 4094 minuere
1049 4046 1263 4107 numerum,

185 4154 415 4223 augereque
448 4135 664 4200 amicorum
698 4139 841 4217 sponte
873 4153 942 4200 sua
971 4134 1183 4200 contendit
1211 4151 1262 4197 ac
