3008 4650
320 270 377 328 110
693 269 750 322 nro.
770 269 805 322 11.
826 271 890 338 cap.
911 270 931 321 r.

273 465 463 546 frequens
486 465 666 545 ederam,
698 484 933 550 quemquam
966 487 1033 549 pro
1063 487 1102 534 se
1130 469 1212 552 ipsi
1233 469 1344 535 dicc-

273 572 370 636 bant
411 573 595 638 oratores
635 591 709 637 non
747 572 813 637 illi
850 574 1009 657 quidem
1047 575 1270 658 principes,
1306 577 1340 640 L.

275 681 483 746 Memmius
516 682 554 743 et
583 680 619 759 Q.
649 680 877 761 Pompeius,
907 680 976 745 sed
1004 684 1188 747 oratores
1209 685 1341 748 tamen

274 790 332 855 cet.
388 786 655 866 Quemadmodum
684 805 716 850 se
746 787 892 851 torserint
921 788 1054 866 editores
1084 793 1115 854 et
1142 791 1342 859 enarratores.

274 898 310 960 nt
330 896 508 976 reperirent,
531 892 604 976 quid
627 892 772 958 contrarii
794 895 850 957 aut
870 894 1068 960 correctionis
1093 896 1149 962 hoc
1166 899 1230 962 loco
1245 896 1341 977 porti·

276 1001 345 1068 cula
367 1019 600 1084 quamquam
625 998 850 1082 significaretur
872 1003 926 1065 aut
948 1001 1022 1084 quid
1039 1004 1161 1066 omnino
1177 1022 1246 1067 cum
1259 1002 1342 1066 illius

274 1106 432 1191 particulae
448 1125 504 1170 usu
520 1105 726 1184 coniunctum,
743 1124 1003 1186 supervacaneum
1018 1110 1067 1172 est
1082 1109 1232 1191 persequi.
1263 1108 1338 1187 Quae

275 1214 409 1279 Orellius
431 1211 598 1276 enarrando
621 1213 653 1275 et
675 1212 837 1276 verborum
859 1212 1041 1296 ambagibus
1057 1217 1240 1291 tentaverat,
1256 1217 1338 1280 recte

275 1321 366 1384 Peter
381 1318 570 1401 repudiavit3
594 1317 646 1381 sed
669 1317 765 1381 nihilo
788 1317 899 1384 melius
921 1319 981 1401 ipsi
1004 1321 1157 1403 duplicem
1180 1321 1341 1392 enarrandi

275 1431 417 1492 conatum
452 1424 635 1490 successisse
665 1423 731 1506 ipse
760 1425 892 1490 sensisse
930 1425 1063 1492 videtur.
1119 1427 1234 1510 Opinor
1267 1428 1340 1492 sori-

276 1534 408 1598 bendum
432 1551 515 1598 esse:
546 1533 607 1596 cui
634 1532 824 1613 frequens
852 1533 1027 1612 aderam,
1050 1551 1175 1621 quoquc
1204 1554 1271 1616 pro
1302 1552 1341 1598 so

273 1642 353 1723 ipsi
387 1640 580 1705 dicebant
612 1640 794 1702 oratores
833 1658 905 1702 uon
936 1639 1003 1704 illi
1036 1640 1193 1724 quidem
1228 1641 1340 1722 prin·

274 1749 384 1830 cipes
407 1749 465 1811 cet.
876 1741 880 1748 “

376 1852 452 1916 lbid.
483 1851 559 1916 312:
591 1850 733 1934 ltaque
765 1853 893 1932 prima
931 1871 1049 1916 causa
1082 1853 1244 1936 publica
1273 1871 1340 1935 pro

275 1961 356 2026 Sex.
381 1959 525 2024 Roscio
549 1956 658 2022 dicta
690 1961 845 2022 tantum
879 1959 1243 2024 commendationis
1273 1959 1338 2022 ha·

275 2065 378 2136 buit,
412 2066 454 2127 ut
487 2084 562 2130 uon
585 2063 816 2139 ullcesset‚
852 2086 932 2148 quae
962 2086 1033 2130 non
1057 2065 1176 2149 digna
1202 2069 1341 2130 nostro

274 2171 503 2254 patrocinio
537 2171 754 2234 videretur.
805 2171 935 2236 Etiamsi
963 2191 1021 2237 non
1049 2171 1193 2247 offendat,
1222 2171 1259 2235 de
1282 2189 1340 2253 quo

275 2278 337 2344 diri
360 2276 399 2342 ad
422 2277 508 2342 Finn.
532 2277 589 2353 lll,
613 2279 663 2354 50,
694 2295 765 2340 nou
789 2277 875 2341 ulla
899 2297 950 2360 pro
973 2277 1085 2342 nulla
1108 2278 1250 2360 positum,
1274 2279 1342 2359 ipsa

275 2385 437 2458 sententia,
467 2384 492 2447 si
523 2383 701 2467 diligentius
731 2385 883 2461 attendas,
913 2403 1055 2467 perversa
1077 2389 1133 2449 est.
1187 2385 1233 2450 Ex
1257 2383 1339 2449 felici

275 2491 382 2574 primae
404 2491 472 2556 novi
495 2492 625 2555 oratoris
648 2507 746 2554 causae
775 2497 887 2555 eventu
915 2508 973 2554 non
1001 2491 1141 2564 eflicitur,
1169 2494 1204 2555 nt
1236 2508 1340 2555 omnes

275 2617 374 2664 causae
397 2599 434 2663 ab
458 2617 493 2662 eo
516 2596 567 2681 agi
589 2597 698 2662 debera
722 2597 882 2660 videantur
904 2597 1031 2679 eiusque
1053 2597 1221 2678 patrocinio
1240 2597 1338 2680 dignas

275 2725 342 2772 esse
365 2705 460 2791 (quod
484 2706 574 2788 longe
598 2703 681 2767 aliud
713 2704 761 2766 cst
787 2722 878 2785 quam
900 2703 965 2767 eius
986 2703 1191 2784 patrocinium
1213 2704 1251 2768 ab
1274 2723 1338 2768 om-

275 2814 363 2878 nibus
388 2811 520 2895 expeti);
552 2829 639 2874 verus
670 2807 824 2890 splendidi
852 2827 1010 2874 successus
1040 2810 1156 2874 tructus
1178 2811 1205 2874 is
1228 2810 1283 2885 est,
1307 2811 1343 2872 ut

275 2938 369 2983 novus
402 2918 503 2982 orator
537 2936 571 2981 eo
606 2916 673 2980 loco
705 2914 864 2986 habeatur,
894 2936 952 2999 quo
983 2935 1042 2980 non
1066 2916 1193 2980 minima
1216 2935 1341 2999 quaque

255 3037 368 3092 'causa
389 3025 524 3106 aspirare
554 3021 660 3102 possit,
688 3021 741 3085 sed
770 3021 910 3103 quadam
932 3041 1030 3086 causae
1052 3022 1130 3086 inira
1153 3023 1217 3087 eius
1239 3021 1340 3105 digni-

275 3133 372 3195 tatem
397 3149 465 3194 esse
487 3128 667 3193 iudicentur.
720 3127 796 3192 Haec
824 3131 977 3194 sententia
1007 3129 1139 3194 eflicitur
1161 3128 1341 3211 tolliturque

275 3237 402 3302 offensio
419 3234 576 3320 geminata
591 3251 651 3297 una
664 3231 782 3297 littera:
805 3237 846 3298 ut
863 3235 1020 3302 nonnulla
1044 3239 1160 3306 esset,
1175 3253 1255 3319 quae
1271 3253 1340 3299 non

273 3341 396 3426 digna
419 3343 555 3412 nostro
578 3339 810 3423 patrocinio
834 3339 1053 3405 videretur.

375 3459 451 3525 lbid.
475 3459 549 3522 325:
580 3458 693 3522 aliud
721 3463 851 3522 autem
879 3478 1003 3541 genus
1032 3457 1242 3543 (eloquentiae)
1278 3457 1361 3522 est.

274 3585 345 3632 non
375 3568 453 3631 iem
485 3565 708 3630 sententiis
739 3565 1041 3647 frequentatum
1073 3582 1185 3647 quam
1207 3563 1341 3628 verbis

274 3672 438 3738 volucro
471 3676 590 3753 atque
622 3671 858 3742 incitatum,
891 3669 1004 3754 quali
1032 3675 1094 3734 est
1122 3688 1223 3735 nunc
1246 3668 1341 3734 Asia

275 3782 360 3844 tota
376 3781 433 3847 cet.
451 3779 641 3861 Quicumque
654 3779 708 3842 aut
721 3778 835 3842 ratione
847 3777 1001 3859 perspexit
1012 3779 1066 3841 out
1080 3775 1298 3841 consuetudine
1311 3776 1342 3838 et

275 3903 364 3949 sensu
386 3886 531 3967 percepit,
554 3885 665 3968 quibus
680 3883 791 3948 finibus
812 3883 1004 3949 contineatur
1019 3881 1148 3948 ablativi
1164 3901 1232 3946 curm
1248 3883 1339 3945 verbo

196 4011 197 4016 ¹
274 4007 340 4055 esse
373 4009 445 4056 ursus
478 3991 509 4054 in
544 3989 735 4056 declarandis
764 3989 818 4072 iis,
851 4010 917 4072 quae
944 3989 1077 4054 hominis
1106 3987 1340 4053 reive'alicuius

273 4095 395 4179 propria
418 4096 481 4161 sint
510 4106 613 4178 (quem
644 4095 812 4160 ablativum
842 4095 1000 4178 qualitatis
1028 4094 1183 4178 appellare
1210 4111 1339 4158 consue·
