3008 4650
290 267 330 329 78
572 325 577 336 ,
662 268 723 323 nro.
743 269 765 324 u
785 271 849 338 cap.
868 269 903 322 v.
970 283 993 333 .·

247 464 307 529 erit
328 462 524 548 elegantique
546 465 680 548 imagine
695 464 883 548 exprimetur
898 465 1131 532 restituturam
1146 463 1314 546 scriptura:

248 569 441 644 παιῶνας
464 567 698 638 κινδυνεύουσι
715 585 786 645 τοῖς
805 585 932 646 κοινοῖς
942 576 1117 659 γενέσθαι,
1133 570 1316 636 medicinam

248 679 279 742 ei
300 677 436 743 remedia
457 677 611 744 adhibere.
636 678 769 756 (Vitium
793 682 955 745 senserunt
969 677 1261 763 Schweiguauserus
1283 678 1315 741 et

246 783 524 861 Mendelssohnius,
547 785 792 850 emendationem
817 804 878 850 non
900 783 1104 859 invenerunt.)

348 960 425 1028 ibid.
448 961 508 1023 81:
541 961 595 1027 καλ
628 956 647 1026 ὁ
680 964 812 1046 Δέκμος
839 960 1015 1027 ἐπίστελλε
1045 958 1088 1048 τῇ
1110 958 1220 1046 βουλῇ
1255 953 1317 1025 τάν

247 1060 437 1134 ’Λντώνιον
469 1060 648 1154 άλαίμενον
681 1061 924 1155 κυνηγετήσειν
959 1065 1128 1133 ναυτικῶν
1157 1091 1221 1151 περ
1250 1063 1315 1152 ἢθη

245 1169 447 1261 γεγονότων.
491 1183 529 1242 οἵ
551 1201 588 1242 τε
625 1177 850 1261 Πομπηιανοὶ
888 1170 1089 1261 πυθόμενοι
1118 1177 1315 1257 θαυμαστοὶ

247 1277 320 1348 ὅσοι
353 1277 576 1368 διεφάνησαν,
610 1281 798 1368 ἐκβοῶντες
830 1278 907 1368 άρτι
940 1274 1005 1366 τήν
1038 1276 1184 1365 πάτριον
1217 1282 1313 1348 ἐλευ-

246 1388 372 1475 θεριάν
394 1383 627 1474 άπειληφέναι.
662 1390 716 1454 καλ
740 1389 860 1455 θυσιάι
884 1381 965 1454 καθ’
987 1397 1046 1454 ἕνα
1070 1377 1158 1473 ἦσαν
1181 1413 1209 1452 κ.
1232 1414 1261 1454 τ.
1284 1390 1312 1454 λ.

246 1493 344 1560 Sensn
376 1515 497 1580 prorsus
529 1515 616 1562 cassa
648 1513 715 1561 esse
748 1495 851 1578 verba,
880 1514 948 1580 qnae
978 1497 1048 1577 post
1071 1487 1313 1581 κυνηγετήσειν

245 1605 407 1683 ponuntur,
432 1602 629 1667 manifestum
662 1605 710 1668 est
742 1620 840 1684 neque
869 1605 924 1668 aui
945 1601 984 1666 de
1008 1615 1181 1675 ναυτικοῖς
1203 1604 1256 1667 aut
1277 1602 1314 1668 de

245 1705 396 1790 particula
416 1709 538 1790 poetica
559 1711 622 1793 πέρ
643 1709 770 1773 verbnm
794 1707 906 1773 addere
930 1728 1007 1791 opus
1030 1710 1086 1774 est.
1142 1707 1254 1774 Ulcera
1276 1709 1315 1773 ad

245 1807 389 1898 speeiem·
401 1814 584 1898 gravissima
607 1813 764 1880 facillimis
786 1815 935 1880 remediis
947 1817 1137 1882 sanabuntur
1152 1815 1313 1881 sententiis

245 1921 358 1986 rectius
393 1921 548 1987 distinctis
578 1927 610 1985 et
641 1923 817 1986 litterarum
850 1923 1059 2005 geminatione
1088 1923 1121 1988 et
1142 1922 1314 1986 confusione

245 2026 375 2092 sublata.
420 2026 591 2110 scripserat
613 2027 695 2092 enim
717 2028 895 2110 Appianus:
931 2023 1096 2114 Πλάγκος
1125 2028 1160 2093 δὲ
1188 2051 1314 2114 προσε-

244 2137 359 2221 γένετο
387 2128 477 2218 γιετά
505 2132 567 2199 τοῦ
599 2133 728 2199 οἰκείου
761 2133 921 2218 στρατοῦ,
953 2137 1007 2201 καλ
1037 2133 1210 2219 ὀΔέκμος
1239 2139 1315 2202 ἐπέ-

247 2242 362 2326 στελλε
377 2241 421 2330 τῇ
434 2241 548 2330 βουλῇ
568 2234 633 2306 τάν
651 2233 841 2308 Ἀντάνιον
862 2234 1041 2326 α’λάμενον
1063 2236 1313 2330 κυνηγετήσειν.

246 2342 402 2414 αιίτίκα
437 2341 488 2421 οἷς
520 2348 620 2431 περὶ
656 2344 723 2434 η’θη
750 2340 940 2436 γεγονότων
972 2356 1013 2416 οἵ
1027 2376 1064 2416 τε
1090 2351 1312 2437 Πυγιπηῖανολ
1376 2346 1378 2350 ’

245 2448 443 2540 πυθόμενοι
466 2456 666 2540 θαυγιαστολ
690 2451 761 2522 ὅσοι
787 2451 997 2542 διεφάνησαν
1019 2504 1026 2519 .
1045 2502 1052 2519 .
1070 2503 1091 2532 .,
1114 2459 1168 2524 καλ
1191 2458 1312 2524 θυσίαι

247 2555 329 2630 καθ’
349 2571 410 2629 ἕνα
431 2553 530 2648 ηὀον.
559 2555 707 2635 (Αὐτίκα
730 2564 855 2629 subesse
872 2567 1010 2628 senserat
1024 2565 1083 2628 iam
1101 2563 1313 2648 Tprwhittus.)

345 2727 383 2803 V,
407 2727 463 2791 21:
487 2731 519 2792 οἱ
541 2727 575 2793 δὲ
599 2729 735 2804 ἐξέθεον
758 2732 792 2800 ἐς
807 2717 869 2792 τάν
892 2720 1044 2792 Λεύκιον
1069 2726 1118 2812 (L.
1135 2730 1311 2805 Antonium,

155 2822 158 2827 ¹
245 2834 401 2900 triumviri
438 2833 579 2919 fratrem)
614 2835 669 2899 καλ
703 2826 922 2919 παρεκάλουν
956 2837 1116 2919 οἰκτεῖραι
1155 2826 1221 2920 μὲν
1255 2837 1311 2901 dori

244 2955 316 3016 τοῖς
338 2940 516 3026 ἐμφυλίοις
537 2936 603 3025 τήν
624 2936 729 3008 πόλιν
751 2942 806 3007 καλ
829 2937 895 3025 τήν
916 2933 1080 3016 Ἰταλίαν,
1099 2940 1260 3016 (λέξασθαι
1278 2942 1311 3008 di

245 3041 409 3114 κοινωνὸν
432 3034 458 3132 αλ
478 3040 543 3133 τη’ν
566 3047 676 3133 κρίσιν
697 3043 720 3133 ἢ
743 3049 803 3114 e'roi'
824 3049 919 3134 σφῶν
940 3043 1034 3134 derel
1050 3047 1118 3114 τών
1133 3042 1311 3135 ἡγεμόνιον

244 3159 418 3243 γενέσθαι.
463 3154 569 3237 Neque
593 3156 666 3238 quid
689 3155 731 3219 sit
754 3155 915 3232 δέξασθαι
940 3145 1112 3228 κοινωνόν,
1137 3175 1235 3239 neque
1251 3177 1310 3241 quo

243 3260 396 3344 pertineat
418 3260 540 3325 dativus
562 3261 762 3343 pronominis,
788 3281 888 3345 neque
910 3261 1171 3345 quemadmodum
1193 3263 1313 3343 superi·

243 3369 345 3433 oribus
367 3367 573 3450 adiungantur
592 3368 685 3433 verba
707 3363 770 3453 την
787 3371 896 3454 κρίσιν
911 3373 1085 3455 γενέσθαι,
1113 3367 1178 3432 nlla
1192 3369 1310 3433 ratione

243 3473 436 3558 perspicitur.
480 3473 654 3540 Lenissima
676 3478 844 3542 mutatione
860 3474 993 3540 efficitur
1009 3493 1115 3540 verum
1130 3476 1161 3539 et
1177 3475 1309 3539 reolum:

244 3580 405 3657 δέξασθαι
429 3580 463 3646 δὲ
487 3581 615 3668 κοινῷ
637 3574 752 3668 νόμῳ
775 3577 841 3667 τήν
864 3582 974 3668 κρίσιν
996 3575 1091 3666 η’ἐπλ
1109 3579 1202 3664 σφάν
1217 3574 1238 3662 ἢ
1254 3581 1309 3644 ἐτιλ

243 3687 311 3753 τῶν
331 3678 513 3772 η’γεγιόνον
527 3693 705 3774 γενέσθαι
722 3690 975 3772 permitteretque
988 3688 1137 3754 indicium
1156 3685 1309 3752 eommuni
1389 3687 1390 3690 ’

243 3798 275 3858 et
305 3811 391 3875 aequa
407 3793 491 3876 -lege
517 3795 572 3859 aut
593 3795 674 3876 apud
695 3796 778 3879 ipsos
801 3798 854 3859 aut
876 3795 958 3876 apud
979 3795 1071 3861 duces
1093 3791 1207 3877 peragi.
1259 3791 1309 3876 (ln

242 3900 325 3965 idem
348 3901 492 3972 inuidisse
508 3899 791 3966 Mendelssohnium
813 3899 1016 3973 nune-video,
1038 3900 1092 3965 sed
1115 3898 1308 3965 dubitantem

242 4007 275 4072 et
294 4005 522 4090 fluctuantem.)
566 4043 569 4049 Α
624 4045 628 4054 ·
