3012 4652
580 305 719 362 Ciceronis
737 305 870 376 epistolae.
1162 309 1221 371 177

295 503 376 573 Ibid.
398 503 428 584 3,
451 505 488 570 b:
519 504 700 588 Scaptio,
729 495 798 588 qni
826 504 866 569 in
888 503 1145 587 Cappadocia
1165 505 1264 582 suit,

196 613 289 695 puto
322 630 410 678 osse
445 611 725 690 satistactum3
757 611 792 676 is
821 630 840 676 a
869 630 926 678 me
955 610 1014 677 cet.
1062 611 1264 680 Manifestum

197 719 246 783 est
268 718 301 783 et
322 735 358 782 ex
379 717 512 784 adiectis
534 717 597 784 illis
619 718 745 803 quiin
767 717 1023 802 Cappadocia
1050 717 1132 786 fuit
1166 721 1198 786 et
1230 741 1266 787 ex

196 825 244 906 iis,
267 843 336 909 qaae
357 824 471 892 deinde
493 830 666 907 comantur,
691 827 824 891 atterum
847 825 898 891 hic
921 824 1080 908 Scaptium
1102 827 1265 907 nominari,

196 950 214 996 a
236 932 398 1014 superiore,
422 931 476 1016 qui
497 930 624 1016 Cyprios
644 933 817 1011 vexaverat,
841 933 1005 1012 diversum,
1029 952 1120 1017 quem
1137 934 1170 1000 et
1187 933 1265 1002 tibe-

196 1037 302 1104 raliter
333 1059 352 1104 a
384 1057 417 1105 se
439 1040 605 1105 tractatum
633 1059 689 1105 noc
716 1039 776 1106 sibi
803 1037 954 1106 obtensum
975 1038 1080 1106 Cicero
1102 1041 1265 1125 significat.

197 1144 258 1211 Sed
289 1147 321 1211 et
352 1146 447 1211 durus
479 1148 527 1211 est
558 1147 707 1212 transitus
740 1145 898 1224 orationis,
932 1145 964 1212 et
990 1145 1095 1213 mendi
1116 1147 1266 1215 indicium

196 1251 316 1318 faciunt
338 1253 467 1333 codices,
497 1254 528 1318 in
551 1253 662 1336 quibus
685 1253 831 1321 scribitur
859 1252 1067 1338 Scaptium
1100 1255 1131 1319 in
1164 1257 1266 1323 codice
1326 1239 1329 1246 λ

196 1357 238 1424 W
259 1359 308 1425 est
329 1359 397 1424 aut
417 1361 616 1442 Scaptius.
653 1359 770 1443 Opinor
790 1362 934 1428 subesse:
956 1358 1065 1427 Alteri
1086 1359 1265 1450 eSoaptiis.

297 1498 376 1566 Ibid.
401 1501 429 1580 5,
452 1501 490 1563 4:
514 1500 680 1567 Valebis
708 1501 838 1587 igitur
865 1503 904 1566 et
925 1499 1071 1582 puellas
1093 1501 1266 1570 salutem

196 1607 392 1674 Atticulae
426 1606 535 1673 dices
568 1612 796 1691 nostraeque
826 1607 952 1672 Piliae.
1007 1608 1044 1672 In
1067 1607 1267 1677 M‘soribitur

107 1785 109 1788 ,
197 1714 296 1796 prima
338 1733 432 1779 mann
475 1715 648 1781 salntem
691 1713 927 1780 astioulate.
997 1713 1107 1781 Fuisse
1142 1717 1264 1800 opinor:

197 1813 502 1910 'Armatoura
547 1821 782 1888 Dominutivum
804 1819 959 1899 Latinum,
982 1820 1064 1902 quod
1086 1821 1267 1908 Malaspinae

198 1928 378 1995 coniecturae
394 1930 530 2008 debetur,
553 1927 701 1995 seminina
721 1929 822 1994 forma
840 1946 859 1992 a
874 1927 1053 2011 cognomine
1068 1929 1126 1994 viri
1141 1930 1267 1997 ductum

130 2043 132 2048 ’
196 2034 378 2120 longissime
400 2057 418 2102 a
439 2035 584 2121 legitimo
605 2054 663 2101 usu
685 2036 813 2100 aberrat.
835 2025 837 2030 ’

297 2176 377 2244 Ibid.
401 2179 430 2258 6,
453 2178 473 2239 3
495 2178 562 2256 (ubi
584 2177 753 2255 dubitatur,
779 2177 828 2242 oui
850 2175 1079 2243 administratio
1103 2177 1267 2261 provincia

197 2284 373 2350 mandanda
406 2284 530 2363 fuerit):
559 2285 687 2350 Puero
720 2284 906 2349 tradere?
942 2283 1079 2350 Fratri
1113 2286 1268 2352 autem?

197 2391 309 2457 Illud
331 2410 405 2457 non
429 2391 533 2457 utile
554 2390 687 2467 nobie;
720 2410 805 2456 nam
839 2392 984 2472 praeter
1011 2390 1181 2458 fratrem
1208 2395 1266 2458 cet.

130 2559 134 2565 .
196 2498 279 2564 Vera
310 2498 371 2564 loci
403 2498 502 2564 forma
533 2497 599 2562 haec
631 2496 708 2561 tuit:
742 2496 868 2562 Puero
901 2497 1090 2564 traderem?
1132 2497 1268 2565 Fratri

197 2605 353 2671 autem?
398 2604 509 2670 Illud
537 2605 643 2686 <non
674 2603 725 2670 rei
757 2601 904 2690 publica,
934 2603 1036 2687 boc>
1058 2622 1132 2669 non
1164 2605 1268 2670 utile

197 2715 325 2780 nobis.
370 2712 596 2790 (Traderem
619 2709 686 2776 cod.
708 2710 746 2774 Zb
769 2710 802 2776 et
822 2709 1085 2796 Wesenbergius.)
1247 2707 1250 2712 ’

298 2832 466 2920 luitpr:
490 2831 540 2894 At
560 2827 838 2907 nnnoOaelius,
861 2833 936 2894 non
960 2829 1047 2894 dico
1070 2830 1267 2915 equidem,

199 2939 295 3023 quid
329 2937 478 3024 egerit,
519 2936 586 3003 sed
619 2938 751 3002 tamen
786 2935 914 3031 multo
951 2935 1080 3005 minus
1118 2939 1267 3006 laboro.

198 3044 271 3110 Sine
287 3044 379 3111 dubio
397 3045 544 3127 scriptum
561 3042 679 3109 fuerat:
702 3043 753 3106 At
774 3061 876 3108 nuno
899 3042 1061 3125 balius,
1083 3065 1155 3112 non
1179 3047 1268 3113 dico
1361 3115 1363 3119 ,

198 3151 400 3235 equidem,
419 3149 594 3234 <nibil>,
611 3149 705 3233 quid
728 3150 876 3234 egerit,
900 3151 968 3216 sed
990 3152 1120 3218 tamen
1142 3153 1267 3220 multo

198 3259 326 3325 minus
347 3258 498 3325 laboro.

298 3398 378 3465 Ibid.
402 3399 473 3478 VII,
500 3401 547 3478 15,
571 3401 607 3464 2:
638 3398 713 3464 Uni
743 3397 918 3465 Fauonio
946 3404 996 3475 (ex
1017 3399 1158 3466 omnibus
1180 3417 1268 3470 sena-

198 3505 324 3586 toribus,
362 3524 439 3589 qnos
469 3504 573 3572 Cicero
605 3503 717 3586 Capua
749 3509 944 3583 convenerat)
976 3504 1089 3590 leges
1119 3507 1164 3573 ab
1194 3505 1268 3571 illo

199 3612 346 3691 (Caesare)
368 3613 485 3678 nobis
507 3611 659 3696 imponi
680 3610 983 3694 conplacebat,
1007 3612 1128 3678 sedis
1150 3614 1265 3678 audi-

200 3726 263 3785 tus
295 3720 333 3785 in
370 3720 561 3800 consilio;
601 3718 699 3784 Cato
736 3717 841 3782 enim
876 3717 963 3800 ipse
999 3720 1076 3784 iam
1111 3719 1265 3787 seruire

200 3845 313 3909 quam
335 3845 514 3912 pugnare
536 3825 690 3893 mavult
711 3825 770 3890 cet.
814 3823 904 3905 Quod
934 3824 1044 3903 editur,
1073 3825 1178 3891 haud
1199 3846 1268 3893 au-

200 3932 328 4012 ditus,
361 3932 392 3998 in
423 3933 576 4017 particula
606 3933 710 3999 haud
739 3952 758 3998 a
788 3927 941 3999 Ciceronis
964 3933 1184 3999 consuetudine
1206 3933 1269 4000 fere

199 4041 354 4106 constanti
375 4041 501 4122 recedit,
524 4040 686 4107 sententia
707 4040 797 4123 plane
820 4044 987 4126 repugnem
1009 4057 1107 4123 neque
1129 4040 1211 4106 enim
1232 4041 1270 4106 de

200 4147 325 4213 consilio
354 4147 460 4214 habito
489 4147 655 4230 quidquam
683 4146 788 4213 Cicero
817 4148 929 4214 narrat.
975 4145 1178 4213 scribendum
1206 4151 1269 4214 est:

1035 4262 1069 4318 12
