3012 4652
215 352 218 360 Ι
325 279 384 341 146
686 278 747 334 Lib.
766 278 803 332 IL
823 278 887 347 Cep.
906 277 942 331 11.

283 477 380 543 dieo.
432 477 484 541 De
519 476 666 560 quibus
699 475 844 560 igitur,
883 474 1050 540 etiamsi
1084 476 1207 540 laturo
1238 479 1349 538 esset

282 589 421 667 [neque
459 585 587 668 legem
621 602 747 666 neque
779 601 929 665 poenam
960 586 1114 666 gratem
1152 583 1268 660 esse],
1303 599 1349 645 ne

282 708 394 772 quem
416 691 543 756 eirem
565 691 858 772 reciperemus,
883 691 1014 755 temen
1037 687 1074 752 id
1098 689 1224 766 esset,
1247 688 1348 771 quod

280 799 420 878 postea
448 796 621 880 populus
649 796 862 871 iussisset,
894 798 1023 861 retum
1053 797 1111 860 eet.
1164 795 1272 873 Loeus,
1295 795 1348 878 qui

279 904 414 987 graviter
435 904 599 969 mendosus
620 901 866 985 infelicibusque,
900 921 968 984 quae
996 901 1126 983 eppietae
1155 902 1237 978 sunt,
1266 901 1347 967 notis

280 1009 479 1094 dignissimus
508 1009 639 1086 ridetur,
668 1008 758 1074 saeils
787 1011 819 1073 et
846 1010 930 1073 eerto
959 1009 990 1072 in
1022 1006 1233 1092 integritatem
1256 1009 1346 1074 resti·

169 1129 171 1134 ·
280 1117 393 1194 tuetur,
416 1118 517 1183 verbis
539 1116 658 1198 aliquot
678 1115 710 1179 in
733 1133 819 1180 suom
842 1113 949 1179 sedem
965 1133 1007 1180 ,ex
1028 1114 1131 1180 aliena
1153 1115 1292 1180 retractis
1315 1116 1345 1178 in

278 1223 358 1289 buno
379 1223 525 1288 modum:
557 1222 670 1287 Nihil
700 1220 858 1287 omnino
887 1239 1069 1304 umquem
1101 1220 1145 1285 de
1168 1222 1247 1286 isto
1276 1223 1346 1288 foe-

279 1331 372 1396 dere
400 1329 445 1394 ed
474 1330 679 1412 populum,
709 1328 813 1392 nibil
841 1329 886 1392 ed
918 1326 1071 1410 plebem
1104 1325 1228 1394 lutum
1259 1347 1346 1395 esee

159 1422 161 1427 ’
280 1437 401 1515 dieo,.
425 1454 549 1519 neque
589 1437 719 1518 legem
751 1452 878 1518 neque
910 1454 1058 1518 poenam
1093 1437 1244 1519 rogatam
1278 1438 1346 1519 (pro

278 1543 445 1627 gratam)
467 1561 564 1609 esse.
608 1542 662 1607 De
684 1541 829 1625 quibus
852 1540 998 1625 igitur,
1030 1541 1195 1606 etiarnsi
1218 1543 1342 1609 letum

277 1653 400 1727 esset,
435 1668 479 1714 ne
511 1667 623 1731 quem
656 1649 781 1714 oinem
815 1647 1105 1730 reciperemus,
1140 1650 1274 1716 tamen
1305 1651 1345 1715 id

279 1759 403 1832 esset,
426 1755 527 1838 quod
550 1761 690 1839 posteo
713 1755 883 1839 populus
905 1754 1261 1833 iussisset‚retum
1286 1761 1343 1822 eet.

277 1862 430 1944 [Similem
460 1860 632 1945 corrigendi
662 1860 745 1926 rium
773 1859 941 1925 Lambinus
971 1863 1003 1926 et
1032 1861 1192 1929 Ernestius
1213 1862 1344 1948 ingressi

276 1971 388 2048 erent]
434 1968 538 2035 Unum
560 1967 649 2045 eddo,
672 1985 708 2031 ex
734 1965 783 2032 his
811 1964 888 2048 ipsis
916 1966 1035 2032 verbis:
1069 1987 1192 2051 neque
1215 1971 1342 2055 legem

276 2093 401 2157 neque
440 2093 588 2156 poenam
630 2063 818 2156 rogatam
845 2091 932 2138 esse
968 2074 1125 2156 perspieue
1158 2077 1340 2157 confirmari,

218 2191 222 2198 '
276 2180 356 2263 quod
378 2179 449 2244 olim
472 2179 563 2263 poulo
585 2184 657 2245 ante
679 2179 873 2245 scribendum
901 2197 969 2244 esse
996 2180 1073 2245 dixi:
1103 2183 1172 2246 aut
1197 2202 1342 2266 genere

276 2286 364 2370 ipso
401 2289 521 2369 etque
558 2285 837 2352 obtestatione
874 2285 982 2369 legis
1017 2291 1090 2378 'aut
1132 2308 1241 2371 poene
1276 2299 1343 2374 (pro

275 2397 422 2475 poenae);
445 2392 500 2457 sed
521 2393 553 2458 in
575 2394 676 2460 verbis
699 2393 831 2476 proxime
853 2392 1096 2474 precedentibus
1120 2393 1197 2459 nibil
1219 2398 1268 2462 est
1290 2417 1343 2464 our

143 2535 145 2544 ·
275 2498 404 2564 tolletur
435 2505 754 2576 sacrosanctum
787 2498 871 2565 idem
901 2499 984 2565 enim
1008 2499 1128 2577 dieitur,
1158 2520 1192 2567 eo
1215 2503 1244 2568 si
1266 2505 1341 2570 sori·

273 2606 583 2689 bersturtaliquid
599 2609 799 2689 tamquam
815 2609 1339 2691 sacrosanctumexoeptum

273 2710 531 2786 videretur.*)
1251 2725 1253 2732 “

372 2917 409 2984 In
429 2919 574 2984 Pisonem
601 2919 638 2980 10
660 2919 691 2982 et
714 2919 766 2980 11:
789 2919 891 2998 Quas
914 2921 1026 3004 leges
1050 2919 1136 2997 (bine
1157 2923 1239 2987 enim
1261 2943 1340 2990 nove

271 3024 425 3090 sententia
463 3023 583 3106 incipit)
623 3043 743 3090 susus
783 3027 845 3090 est
883 3043 1076 3091 nonnemo
1116 3027 1337 3112 improbus,

271 3129 406 3211 potuit
428 3129 588 3211 quidem
610 3149 720 3195 nemo
743 3133 990 3211 eonrellere‚
1016 3151 1129 3216 quem
1151 3135 1342 3217 poteste-¹

271 3241 349 3313 tem
387 3235 582 3310 minuere.
619 3255 691 3318 quo
728 3237 858 3304 minus
897 3240 941 3304 de
975 3240 1150 3305 moribus
1183 3242 1337 3308 nostris

269 3343 411 3424 quinto
434 3359 588 3425 quoque
610 3362 709 3409 enno
732 3344 1004 3425 iudicaretur,
1035 3364 1146 3410 uerno
1176 3349 1256 3412 tem
1278 3349 1336 3413 ef-

268 3449 355 3515 fuse
377 3451 568 3532 petulans
591 3451 759 3516 conatus
781 3453 859 3527 est,
881 3451 961 3517 baee
982 3455 1090 3529 sunt,
1110 3471 1127 3516 o
1144 3454 1331 3523 oannifeu!

268 3558 305 3618 in
326 3555 480 3640 gremio
503 3556 665 3638 sepulte
688 3558 926 3622 consulatus
950 3557 1020 3622 tui.
1074 3558 1171 3641 Leges
1193 3561 1225 3625 et
1246 3565 1333 3642 pote·

268 3669 341 3740 stes,
365 3681 433 3745 quae
455 3659 605 3726 tolluntur
628 3664 660 3727 et
681 3664 867 3742 evertuntur,
895 3664 977 3728 reete
1000 3665 1032 3728 et
1052 3663 1190 3749 graviter
1211 3667 1332 3750 sepeliri

318 3928 609 4000 *)§391eeunosie
632 3931 766 4002 explenda
789 3937 846 3988 est:
875 3933 946 4003 qui,
969 3949 1045 3990 oum
1067 3935 1216 3993 maxime
1237 3937 1334 3994 belle

364 4022 461 4078 nobis
488 4021 712 4093 inferrentur,
749 4027 853 4094 <eos‚
881 4042 898 4082 e
924 4027 1047 4100 quibus
1074 4027 1331 4100 inferrentur>

363 4113 522 4172 moenibus
542 4116 766 4176 excluserunt.
1268 4141 1271 4148 ·
