2974 4660
583 280 791 336 Demosthenes.
1140 283 1179 376 4]

154 476 354 560 significator
386 475 518 562 quodam
546 478 639 544 modo
669 479 795 544 effectus
822 478 883 544 cod
906 477 1057 561 τολμᾶτε
1090 497 1170 553 „uon
1191 479 1226 546 in

151 583 288 648 animum
313 581 464 648 inducunt
493 585 706 650 testimonium
736 603 825 650 suum
856 603 963 668 reapse
991 584 1170 652 confirmare
1192 588 1225 652 et

153 688 285 762 efficere,
308 689 345 752 ut
367 692 463 754 testes
488 698 541 765 (—
563 692 637 756 sunt
658 692 765 756 antem
786 691 846 774 ipsi
867 695 922 776 —)
945 691 1145 757 liberentur“.

251 793 331 860 lbid.
342 795 399 860 10:
433 797 487 863 καὶ
505 789 636 862 τούτων
652 789 694 862 ori
708 804 1026 883 προσποιουμένων,
1038 791 1123 863 α’λλιδ
1134 791 1222 885 λόγῳ

149 906 217 988 μὲν
238 894 508 986 μαρτυρούντων
530 896 573 968 νδ
595 905 718 990 ψευδῆ,
743 913 826 993 ἔργῳ
850 907 883 971 δὲ
906 899 948 971 ου’
962 901 1222 988 παραδιδόντων

148 1004 215 1096 τήν
238 1007 441 1092 ἄνθρωπον.
486 1005 566 1088 Quid
587 1008 638 1076 hio
660 1011 815 1096 significet
833 1015 1147 1097 προσποιουμένων,
1169 1031 1222 1077 ex-

150 1116 288 1201 cogitare
310 1131 447 1198 neque03
467 1111 570 1197 'neque
592 1115 673 1182 enim
697 1119 860 1185 simulasse
882 1123 983 1185 crater
1003 1119 1098 1202 negot
1111 1118 1221 1183 adrer-

149 1225 256 1302 sarios‚
280 1222 335 1288 sed
356 1220 458 1305 potins
481 1221 691 1288 simulationis
713 1226 845 1290 accusat.
889 1225 962 1291 Sine
977 1225 1069 1290 dubio
1086 1225 1220 1290 scriben-

148 1327 225 1396 dum
246 1333 295 1395 est
316 1321 359 1394 ov’
381 1335 680 1412 προσιεμένων.
734 1331 803 1398 Νσο
837 1332 998 1396 admissise
1027 1330 1220 1397 adversarios

148 1455 219 1502 snas
242 1453 346 1519 preces
367 1434 652 1518 postulationesque
675 1435 761 1502 dicit.

246 1575 474 1641 ‚luidl9et202
488 1568 573 1642 διότι
583 1577 630 1652 δι’,
640 1571 703 1663 ἐγώ
711 1569 1023 1665 υμῑνδιηγὴσομαι.
1034 1583 1150 1666 ἔτυχεν
1165 1583 1221 1644 ἐκ·

150 1682 328 1749 πλεουσῶν
340 1675 485 1766 τριήρων
498 1683 552 1749 καλ
564 1678 715 1769 βοήθεια
729 1678 1009 1771 α’πσστελλσμὲνη
1021 1685 1075 1752 διιὶ
1086 1678 1218 1772 τάχους.

148 1790 230 1870 Quid
265 1790 307 1854 sir
339 1795 432 1875 ἔτυχε
452 1784 604 1874 βοήθεια
638 1784 926 1878 α’ποσιελλσμὲνη,
955 1811 1062 1859 omnes
1090 1792 1218 1868 norunt;

147 1895 222 1980 quid
255 1902 374 1983 ἔτυχεν
402 1897 617 1965 ἐκπλεουοών
649 1892 803 1983 τριήρων,
837 1916 936 1971 uerno,
969 1899 1084 1982 opinor.
1134 1896 1218 1977 Quid

148 2001 343 2076 dicidebeat.
367 2004 443 2069 satis
464 2005 662 2071 manifestum
676 2008 733 2085 est,
756 2025 828 2071 casu
850 2003 1007 2084 accidisse,
1029 2006 1064 2068 ut
1087 2023 1121 2071 eo
1136 2005 1218 2069 tem·

147 2128 221 2192 pore
244 2109 385 2175 triremes
407 2111 607 2194 enavigarent
635 2115 668 2176 et
689 2111 844 2194 expeditio
865 2109 1051 2177 mitteretur.
1106 2110 1219 2175 Videat

147 2215 226 2282 mihi
248 2236 329 2282 nunc
350 2217 473 2300 aliquis,
502 2235 595 2300 quam
624 2218 687 2284 leni
716 2218 872 2284 medicina
899 2237 1008 2284 verum
1035 2218 1219 2283 restituatur

147 2323 264 2389 remoto
289 2342 399 2407 errore,
421 2342 481 2407 quo
514 2323 659 2390 librarius
688 2325 765 2392 duas
787 2344 877 2392 voces
898 2325 930 2389 in
952 2323 1218 2415 unamfleonflevit

148 2427 261 2495 deinde
293 2428 374 2495 hanc
406 2449 467 2495 uno
498 2429 604 2495 littera
636 2430 744 2496 addita
777 2431 927 2514 explevii3
961 2430 1112 2511 scrIptum
1135 2429 1217 2494 emm

146 2536 262 2601 fuerat:
311 2542 427 2623 ἔτυχεν
464 2540 652 2611 ἔκπλους
686 2532 711 2603 oi
723 2563 742 2602 ν
788 2531 935 2622 τριήρων
972 2537 1027 2601 καὶ
1063 2529 1216 2620 βοήθεια

146 2637 425 2728 α’πσστελλομὲνη
452 2639 507 2709 διδ
530 2638 663 2730 τοίχους.

246 2784 299 2868 LI,
322 2785 378 2848 ll:
403 2779 569 2869 θαυμάζω
603 2777 633 2850 δ’
665 2790 770 2870 ἔγωγε
804 2781 838 2855 τί
871 2774 913 2866 δή
942 2807 1026 2847 ποτε
1055 2782 1124 2848 τῶν
1151 2786 1217 2867 μὲν

146 2891 280 2958 ναυτῶν
314 2885 395 2964 τούς
430 2884 739 2976 α’πσλειπσμένσυς,
773 2877 821 2954 οἷν
851 2881 1033 2974 τρισῖκσντα
1064 2887 1217 2977 δραχμδς

144 3009 284 3072 ἕκαστος
299 2993 498 3086 ἔχειμόνας,
522 2999 632 3065 δέουσι
656 2999 711 3063 καὶ
736 2990 935 3077 κολάζουσιν
956 2985 1063 3063 οὗτοι·
1091 2998 1216 3066 τῶνδὲ

145 3097 355 3192 τριηράρχων
382 3101 463 3179 τούς
490 3099 542 3190 μή
577 3107 827 3190 συμπλέοντας,
851 3092 899 3168 οἷν
920 3098 1102 3189 τριάκοντα
1123 3106 1217 3190 μνᾶς

143 3218 192 3287 εἰς
215 3213 385 3278 ἐπίπλουν
406 3214 545 3297 εἴληφεν
566 3223 718 3290 ἕκαστος,
750 3205 792 3279 ου’
818 3205 928 3278 auderi
952 3207 1084 3279 ποιεῖθ’
1114 3207 1216 3299 ὖμεῑς

145 3346 173 3386 κ.
195 3346 225 3386 τ.
249 3321 277 3385 λ.
320 3319 390 3384 Non
417 3319 456 3383 ad
482 3319 700 3385 incurrendum
729 3319 761 3384 in
786 3319 923 3384 hostium
944 3338 1037 3385 naves
1058 3321 1113 3384 aut
1134 3339 1215 3404 prae-

143 3425 233 3502 sidio,
265 3424 347 3507 quod
378 3424 546 3499 ἐπίπλους
567 3425 733 3518 significet.
764 3425 819 3491 sed
851 3425 892 3490 ad
925 3426 1149 3510 enavigandum
1182 3430 1216 3491 et

143 3529 369 3615 expeditionem
404 3549 480 3597 nave
511 3533 590 3598 bene
621 3531 774 3597 instructa
804 3530 1031 3614 suscipiendam
1052 3530 1214 3596 trierarchi

142 3639 305 3723 pecuniam
328 3637 528 3720 accipiebant.
578 3638 688 3722 Itaque
721 3637 916 3704 scribendum
949 3638 998 3702 est
1029 3641 1079 3712 εἰς
1110 3630 1214 3703 α’πό-

143 3748 293 3811 πλουν.
341 3743 476 3810 Nomai
503 3745 571 3827 quis
594 3745 697 3828 potius
719 3749 768 3817 εἰς
791 3746 918 3810 ἔπιπλα
942 3745 1135 3810 scribendum
1157 3763 1212 3828 pu·

140 3853 265 3932 laverit,
295 3852 429 3934 primum
462 3853 566 3917 obstat
595 3848 727 3915 mutatio
748 3849 920 3931 violentior,
943 3849 1053 3916 deinde
1075 3850 1158 3934 quod
1178 3851 1212 3917 iu

141 3979 174 4025 re
196 3959 300 4026 navali
324 3951 427 4042 σκεύη
449 3958 551 4040 potius
573 3977 668 4040 quam
690 3959 819 4022 ἔπιπλα
842 3956 1045 4041 appellantur.

242 4099 325 4177 LIII,
348 4099 406 4165 24:
462 4092 622 4186 ἡγούμην
642 4091 708 4185 μδρ
731 4092 772 4197 ου’
803 4092 988 4185 προσήκειν
1017 4096 1093 4183 spol
1121 4091 1212 4163 ἰδιαί-
