3008 4650
298 226 358 289 m
662 226 919 296 mmmm

356 423 512 490 lbid.104
536 423 580 500 (in
600 425 753 509 epilogo):
775 423 939 494 habetis
960 423 1161 490 bominem
1182 423 1323 508 singu-

255 531 334 596 lari
365 531 532 614 pndore,
561 532 719 597 uirtute
749 530 914 614 cognita
942 536 981 598 et
1009 532 1196 615 spectata
1222 530 1323 608 fide,

255 637 501 720 amplissimi
522 657 564 704 sc
585 637 715 704 tutire
735 637 893 702 nomine
914 641 1064 716 tocius,
1091 640 1130 704 in
1153 640 1322 721 utraque

254 747 420 812 fortuna
450 743 657 828 cognitum
690 743 834 808 multis
865 743 996 826 signis
1024 746 1065 809 et
1090 745 1263 810 virtutis
1284 747 1323 810 ot

255 852 536 918 humanitatis.
594 852 644 914 lta
672 853 821 934 scriptum
850 853 899 915 est
926 848 959 913 in
987 869 1048 916 uuo
1069 869 1106 916 cx
1126 851 1248 918 duobus
1268 871 1322 936 op·

254 959 342 1024 timis
363 958 521 1025 codicibus
542 959 637 1040 atque
658 957 725 1022 sine
753 956 846 1022 dubio
875 956 971 1020 etiam
1000 958 1033 1020 in
1054 958 1205 1036 oltcro.*)
1248 957 1322 1038 Qua

253 1067 381 1131 tentatae
402 1066 476 1130 sunt
497 1064 713 1140 correctiones,
735 1064 846 1128 omitto
867 1067 960 1148 atque
978 1063 1038 1128 hoc
1053 1082 1147 1128 unum
1162 1064 1322 1141 admoneo,

254 1191 379 1252 prorsus
413 1190 556 1253 perverse
598 1169 659 1236 dici
694 1169 950 1251 amplissimo
986 1170 1117 1236 totius
1154 1172 1322 1236 Etruria

255 1278 430 1355 nominc,
452 1282 489 1342 ut
510 1276 700 1361 significetur
722 1276 813 1341 homo
833 1295 954 1361 magnas
974 1278 1007 1340 in
1028 1278 1154 1342 Etruria
1178 1278 1269 1342 samae
1290 1283 1322 1344 et

254 1384 609 1469 dignitatissursum
632 1403 732 1468 neque
754 1383 915 1461 Caecinam,
950 1383 1049 1467 qualis
1083 1385 1151 1448 tota
1182 1385 1320 1450 oratione

254 1490 447 1578 significetur
467 1510 504 1556 ac
524 1490 725 1567 describatur,
754 1489 982 1572 amplissimum
1002 1491 1162 1556 hominem
1183 1491 1322 1556 Romana

254 1599 475 1665 consuetudine
495 1597 645 1680 appellari
666 1599 805 1680 potuisse
826 1615 926 1680 nequa
939 1597 1096 1662 Etruriam
1110 1597 1169 1664 boo
1182 1600 1321 1681 tempora

254 1725 326 1772 suos
348 1705 503 1786 habuisse,
525 1705 609 1771 intra
630 1723 708 1789 quos
729 1723 841 1770 noman
861 1702 1091 1787 auctoritasque
1106 1705 1320 1778 contineretur,

252 1815 339 1882 fines.
399 1812 505 1880 Cicero
540 1813 680 1897 scripsit:
718 1811 991 1893 amplissimis
1023 1815 1135 1878 vetere
1166 1814 1321 1878 nominc

253 1921 401 2006 negotiis.
444 1919 598 1985 Gaecinam
629 1937 754 2002 prorsus
782 1919 832 1992 iis,
861 1937 930 2002 qnae
958 1936 1014 2001 per
1035 1919 1134 1984 totam
1156 1921 1320 1985 orationum

253 2046 360 2111 sparsa
381 2030 463 2103 sunt,
485 2025 607 2108 indiciis
629 2027 845 2091 convenienter
866 2024 1022 2092 hominem
1044 2027 1200 2112 significat
1220 2027 1323 2109 ampla

253 2138 285 2199 et
306 2133 371 2199 late
393 2134 505 2198 diffusa
526 2132 651 2217 negotia
672 2131 855 2210 (fenerandi,
879 2133 1011 2212 emendi,
1034 2134 1202 2212 vendendi)
1217 2135 1320 2199 vetere

251 2244 284 2306 et
312 2240 441 2306 honesto
476 2239 601 2304 nominc
630 2239 737 2322 (octar
766 2240 850 2304 einer
878 2241 959 2306 utba
988 2240 1121 2324 Firmo)
1150 2243 1320 2324 gerentem.

252 2346 358 2414 Mendi
380 2347 504 2412 initium
524 2345 641 2412 lactum
664 2349 713 2411 est
733 2347 846 2412 litten's
868 2367 913 2412 nc
935 2349 1032 2413 semel
1054 2347 1234 2425 scribendis,
1249 2367 1320 2414 cum

138 2535 142 2544 Ι
252 2456 299 2521 bis
335 2455 427 2521 scribi
464 2454 612 2520 deberent
648 2454 977 2538 (nominegotiis).
1041 2454 1218 2540 Vestigium
1255 2455 1321 2520 reri

251 2562 367 2629 mansit
403 2564 436 2628 in
473 2560 746 2645 amplissimis
780 2561 1041 2644 (amplissimi
1073 2567 1112 2638 s).
1169 2563 1253 2627 Anto
1285 2581 1320 2626 ea

251 2671 354 2754 verba,
391 2690 460 2754 quae
496 2669 547 2735 hic
581 2668 823 2746 emendavimus,
856 2667 922 2734 haec
954 2669 1119 2754 leguntur:
1157 2669 1320 2735 habetis

250 2778 447 2843 hominem
480 2775 690 2860 singulari
721 2774 887 2857 pudore,
919 2776 1076 2842 virtuto
1097 2777 1261 2860 cognita
1282 2777 1321 2838 et

252 2883 441 2966 spectatu
462 2881 555 2946 lide.
610 2880 748 2948 Ostendit
769 2880 821 2946 hic
843 2901 902 2946 non
926 2883 1027 2948 solum
1049 2884 1088 2948 et
1108 2881 1219 2949 vitiosa
1240 2881 1320 2946 inter

251 2986 421 3054 secundum
454 2990 487 3052 et
518 2987 647 3053 tertium
678 2988 851 3053 membrum
882 2989 1111 3074 interpositum,
1142 3008 1212 3054 cum
1240 2989 1320 3052 inter

251 3094 386 3177 primum
407 3094 439 3159 ct
459 3095 592 3159 alterum
613 3092 698 3158 nulla
721 3094 935 3176 interponatur
955 3096 1138 3173 coniunctio,
1161 3093 1319 3162 etdcindc

250 3201 325 3266 ordo
346 3202 509 3267 verborum
542 3217 662 3283 pravus,
696 3199 749 3283 qui
781 3202 914 3284 primum
947 3201 1087 3267 audienti
1123 3204 1178 3267 aut
1205 3199 1321 3285 legonti

252 3325 385 3374 errorem
418 3306 525 3372 obiicit
558 3307 729 3385 (virtuto
758 3309 924 3393 cognita
945 3312 983 3374 ct
1004 3309 1190 3390 spectata
1210 3306 1317 3385 fide).

305 3613 332 3680 *)
350 3613 393 3666 Ex
422 3613 480 3668 cod.
510 3613 710 3682 'l'cgcrnseensi
736 3615 886 3684 profertur:
918 3613 1117 3682 amplissimi
1148 3615 1254 3670 totius
1286 3630 1319 3670 sc
1435 3663 1437 3666 .

352 3706 419 3760 turi
446 3722 481 3761 re
508 3708 653 3775 nomine;
685 3724 780 3764 verum
806 3709 914 3764 totius
942 3707 1024 3762 etiam
1050 3707 1080 3760 in
1106 3707 1192 3764 infimi
1219 3708 1319 3778 gradus

352 3799 500 3869 codicibus,
527 3801 574 3869 qui
602 3801 746 3874 Etruriae
770 3817 805 3856 cx
827 3801 1039 3870 interpolatione
1060 3801 1191 3869 scripturn
1208 3801 1319 3867 habent,

352 3899 477 3948 servatur
502 3901 568 3963 post
594 3895 732 3950 nomine.
780 3895 833 3964 Qui
854 3894 912 3950 cod.
932 3893 1164 3964 Tegemscensem
1183 3911 1245 3948 cum
1264 3892 1318 3948 edi-

350 3986 426 4042 tiono
445 3989 538 4056 aliqua
557 3988 679 4056 contulit,
707 3989 736 4042 in
759 4004 815 4057 qua
837 3995 911 4043 esset
937 3987 1045 4042 totius
1072 3988 1231 4056 Etruriae,
1259 4003 1318 4043 var·

349 4080 446 4135 borum
465 4081 586 4136 ordinem
604 4080 726 4136 indicare
745 4081 847 4136 oblitus
865 4088 915 4137 est.
