3012 4652
297 293 357 358 m
655 290 921 361 mmmm

233 483 237 492 '
353 491 544 571 lbid.13,4:
566 490 705 573 itaque
726 490 808 556 tum
830 490 869 556 et
890 507 909 554 a
930 490 996 553 tuo
1018 485 1165 553 villioo
1188 503 1322 568 sump-

252 598 377 666 simus
401 598 441 665 et
461 597 628 663 aliunde
658 594 835 662 mutuati
864 613 1016 674 sumus,
1038 612 1124 660 oum
1147 591 1323 673 Quintus

252 707 493 788 quereretur
521 723 592 784 per
620 704 789 769 litteras
818 701 899 770 sibi
920 720 989 768 uos
1011 700 1118 767 nihil
1141 699 1321 778 dedisse,

252 811 319 896 qui
341 830 467 895 neque
494 811 540 877 ab
571 811 647 876 illo
675 807 811 894 rogati
833 826 967 874 sumus
989 827 1115 892 neque
1136 807 1219 894 ipsi
1240 825 1323 872 eam

251 917 465 1001 pecuniam
486 916 727 1001 aspeximus.
772 915 805 982 Si
825 915 945 1000 reliqua
966 918 1054 982 reeta
1076 917 1187 994 essent,
1210 913 1321 980 saltem

252 1025 499 1108 querebatur
534 1023 698 1090 dicendum
735 1027 816 1100 erat3
852 1041 925 1088 nam
961 1016 1111 1090 oansalis'
1136 1019 1322 1106 significatio

251 1150 375 1216 prorsus
410 1131 511 1198 aliena
542 1132 607 1210 est;
640 1150 746 1196 verum
775 1148 833 1196 nou
863 1131 915 1215 agi
946 1131 983 1197 de
1004 1129 1154 1214 praeteriti
1174 1127 1323 1210 temporis

253 1238 379 1322 querela
400 1241 468 1304 tum
490 1237 621 1321 prolate,
637 1257 707 1302 oum
723 1236 827 1303 Cicero
840 1238 1002 1320 pecuniam
1018 1240 1161 1304 mutuam
1176 1237 1321 1314 sumeret,

252 1361 322 1409 oum
345 1344 408 1409 alia
429 1345 593 1411 ostendunt
615 1343 714 1422 (uerbi
736 1362 828 1410 oausa
850 1342 1028 1422 dedisse,
1057 1360 1113 1427 pro
1136 1362 1197 1428 quo
1219 1342 1323 1408 dioen-

252 1451 326 1517 dum
348 1458 415 1517 erat
443 1451 549 1529 dere)
579 1453 647 1516 tum
679 1450 838 1535 perspioue
870 1449 925 1514 illa
956 1448 1092 1534 rogati
1124 1468 1258 1516 sumus
1291 1451 1325 1515 et

251 1557 501 1638 aspeximus,
530 1577 585 1642 pro
615 1557 726 1642 quibus
755 1558 890 1642 rogati
919 1575 1099 1624 essemus
1125 1560 1157 1622 et
1178 1575 1321 1640 aspex-

252 1667 425 1732 issemus
457 1665 597 1749 ponenda
625 1664 756 1730 fuerant.
809 1663 921 1730 Omnia
949 1665 1034 1735 reeta
1063 1665 1153 1730 eruut
1179 1663 1323 1730 restituis

252 1772 402 1858 queritur
429 1791 484 1855 pro
514 1773 763 1856 quereretur.
808 1769 942 1852 Quintus
964 1770 1059 1838 irater
1081 1789 1163 1836 nuno
1185 1769 1323 1855 queritur

251 1900 284 1947 se
305 1881 374 1946 tum
397 1879 476 1946 nibil
498 1880 667 1963 oooepisse;
689 1898 758 1944 eam
780 1879 936 1963 querelam
957 1877 1081 1945 Marcus
1102 1877 1225 1944 refellit

354 2021 431 2087 lbid.
458 2023 506 2100 15,
526 2023 562 2083 4:
586 2020 771 2104 suspicor
792 2021 896 2089 enim
919 2019 1137 2087 coheredes
1160 2019 1320 2085 dubiam

252 2129 430 2193 nostram
464 2147 621 2195 oausam
659 2128 803 2210 putare
837 2130 875 2193 et
907 2146 950 2194 eo
983 2147 1062 2193 rem
1091 2127 1130 2192 iu
1159 2126 1322 2211 integro

251 2252 349 2299 esse.
372 2233 481 2302 Vale.
516 2234 734 2301 scribendum:
757 2239 796 2312 et
819 2254 861 2300 eo
884 2254 964 2301 rem
987 2235 1026 2299 in
1047 2234 1210 2318 integro
1233 2252 1321 2299 esse

251 2340 431 2425 <relle>.
455 2341 562 2407 Vale.
593 2343 670 2419 (lam
687 2341 856 2408 Cratander
870 2341 994 2430 malle
1012 2342 1154 2421 addebat,
1171 2340 1322 2407 Corradus

252 2447 358 2514 velle
379 2469 435 2533 pro
457 2449 545 2516 vale
567 2449 661 2516 saribi
682 2449 831 2527 uolebat.)

352 2590 432 2658 ibid.
456 2591 506 2670 ti,
532 2590 686 2657 12Nam
721 2591 823 2675 quod
856 2591 895 2656 te
927 2591 1060 2656 uereri
1089 2588 1254 2669 scribis,
1277 2608 1322 2655 ne

251 2697 318 2764 illi
341 2698 496 2775 obsint,
519 2698 637 2782 eique
659 2697 907 2775 reimederi,
934 2715 979 2762 no
1002 2697 1138 2782 rogari
1161 2696 1319 2782 quidem

252 2825 291 2870 se
325 2825 466 2890 passus
496 2807 558 2871 est
586 2804 632 2870 de
654 2804 739 2870 illo.
787 2803 986 2870 incommodo
1009 2803 1067 2885 illi,
1091 2805 1173 2888 quod
1196 2802 1321 2871 Atticus

251 2911 453 2996 significabat,
486 2931 545 2978 non
579 2912 645 2996 ipse
677 2911 861 2978 medebatur
883 2913 1045 2988 (scribis
1074 2914 1112 2977 te
1143 2910 1320 2989 mederi),

252 3016 306 3083 sed
322 3017 499 3084 Ciceronem
522 3019 716 3099 admonebat,
732 3021 769 3085 ut
781 3019 899 3085 mederi
914 3024 1084 3086 coneretur.
1119 3018 1319 3086 scribendum

252 3123 365 3210 igitur:
399 3124 515 3208 eique
544 3127 601 3190 rei
623 3128 715 3209 <me
743 3125 1052 3210 superinice»
1074 3125 1242 3204 mederi,
1275 3145 1321 3191 ne

250 3233 384 3316 rogari
407 3231 565 3314 quidem
589 3233 646 3298 oet.
700 3232 843 3299 Proxime
865 3237 884 3318 ξ
907 3235 936 3310 2,
959 3235 1013 3301 ubi
1035 3234 1153 3300 editur:
1182 3231 1321 3317 gravi·

251 3339 374 3405 tatem
404 3337 523 3404 buius
552 3339 656 3419 oali,
686 3359 767 3424 quoe
794 3340 892 3406 mibi
921 3341 1098 3407 laborem
1126 3340 1254 3406 affert
1279 3337 1319 3403 in

251 3446 409 3524 dolore,
431 3446 586 3512 laboris
608 3446 723 3512 mentio
746 3445 846 3514 aliene
868 3449 926 3527 est,
948 3449 1020 3532 apta
1041 3447 1220 3534 languoris.

352 3790 462 3834 eorum
479 3790 544 3829 non
561 3775 679 3846 probo;
699 3776 877 3846 significas
901 3777 985 3832 enim
1007 3776 1179 3847 plaeere>
1199 3776 1319 3832 iisdem

350 3869 442 3938 istis,
460 3866 642 3924 lictoribus
660 3885 708 3924 me
727 3871 776 3924 uti
795 3878 846 3926 eet.
873 3870 961 3926 Error
974 3886 1008 3926 ex
1018 3870 1063 3925 bis
1074 3871 1166 3940 posito
1181 3870 1318 3942 plaeere

312 3999 313 4004 κ
351 3968 428 4018 ortus
447 3967 497 4017 est.
541 3962 574 4017 In
598 3963 740 4033 superiore
758 3964 877 4034 epistola
894 3964 933 4034 (6)
951 3964 966 4034 5
984 3964 1002 4018 2
1021 3970 1049 4020 et
1065 3964 1083 4020 3
1100 3969 1203 4034 praeter
1221 3964 1320 4034 Oppii

350 4073 449 4112 nomen
466 4056 535 4112 illud
549 4057 632 4114 etiam
647 4062 752 4113 certum
765 4062 817 4126 est,
828 4058 857 4113 in
868 4059 965 4128 primis
977 4059 1078 4116 litteris
1095 4057 1172 4115 verbi
1181 4048 1319 4128 ‘resipio

315 4185 318 4192 -
351 4148 463 4204 subesse
484 4146 597 4220 scripsi.
