3008 4654
501 308 661 364 Ammianus
670 311 864 376 ,Marcellinus
1117 315 1175 377 255

148 500 286 582 tempore
308 521 328 566 a
347 505 571 585 provinciarum
603 508 710 573 incolis
739 509 863 587 exactis,
894 529 965 576 oum
995 529 1050 593 per
1081 529 1132 576 eas
1155 512 1219 577 uic·

149 607 299 671 toriarum
320 611 422 676 nuntii
445 611 657 679 discurrerent.
700 616 815 699 Aperte
836 617 1062 700 provinciarum
1085 619 1218 684 recures

149 712 372 797 significantur,
395 737 469 801 qnos
492 720 677 786 Ammianus
707 739 761 786 suo
791 741 878 788 more
901 723 1058 802 vocando,
1081 724 1124 789 ut'
1138 743 1219 791 nunc

148 819 314 902 loquimur,
344 822 509 889 abstractae
540 826 674 892 notionis
704 833 737 893 et
765 829 867 893 uentri
894 832 1014 912 generis
1039 831 1218 914 appellavit,

149 927 212 992 siva
236 926 376 995 dominia
398 931 524 1012 scripsit
545 931 609 997 sive
632 931 781 1000 culmina.
931 1019 932 1022 Ἴ

249 1034 316 1100 Lib.
328 1035 522 1114 divinam
539 1038 803 1122 (indescriptione
818 1041 945 1108 obelisci
962 1042 1115 1109 Romaiu
1132 1044 1220 1110 (linco

149 1143 283 1211 maximo
312 1142 441 1220 ,erectibz
477 1145 568 1210 Sola
599 1149 691 1228 post
724 1147 802 1214 hace
834 1151 1017 1216 restabat
1048 1151 1216 1227 erectio,

149 1265 230 1330 quae
264 1249 325 1313 uix
358 1256 426 1314 aut
458 1271 504 1316 nc
536 1252 600 1316 aiu
631 1253 790 1335 quidem
825 1256 1066 1337 sperabatur
1100 1275 1220 1339 posse

149 1355 361 1437 compleri;
385 1356 618 1441 idestisque
641 1357 867 1442 periculum
889 1360 988 1428 altis
1010 1363 1218 1437 trabibus,

148 1466 190 1525 ut
225 1462 498 1528 machinarum
536 1481 722 1530 cerneres
757 1486 911 1546 nemus,
954 1468 1222 1534 innectuntur

14 1581 15 1584 ’
149 1567 257 1634 vasti
278 1567 393 1635 funes
416 1571 587 1654 oblongi
610 1574 668 1637 cot.
718 1572 1220 1655 llxcorruptahacoodicumv

150 1679 181 1738 et
203 1675 228 1739 P
250 1675 404 1759 scriptura
435 1678 589 1759 Hauptius
621 1678 724 1744 effecit
757 1679 1016 1764 digestisque
1049 1682 1093 1745 ad
1127 1699 1220 1762 per-

147 1781 408 1862 pendiculum
431 1783 534 1850 altis·
553 1785 755 1861 trabibus3
779 1786 833 1850 sed
856 1786 1001 1870 quoniam
1023 1805 1122 1871 neque
1137 1804 1220 1869 pra·

148 1887 310 1968 positionis
332 1889 379 1954 ad
400 1891 498 1956 ullum
521 1892 551 1957 in
575 1891 733 1957 codicibus
760 1894 809 1957 est
833 1892 1000 1975 vestigium
1022 1909 1120 1976 neque
1142 1909 1220 1974 opus

148 1995 214 2060 erat
241 1985 373 2077 'promus
405 1995 445 2062 ad
478 1997 734 2080 perpendiculum
762 1999 865 2064 trabas
894 1999 981 2082 erigi,
1013 1998 1116 2080 potius
1146 1999 1219 2062 scri·

148 2101 283 2172 bendum
306 2110 371 2168 est:
406 2103 665 2188 digestisque
688 2121 748 2189 per
769 2104 926 2172 duculum
954 2104 1055 2171 altis
1084 2104 1216 2170 trabi-

81 2226 83 2229 ·
136 2209 228 2278 bus·
273 2209 390 2274 Trabes
404 2210 437 2296 in
453 2211 557 2276 orbem
573 2211 654 2276 circa
670 2211 838 2277 obeliscum
853 2212 1078 2277 statuebantur.
1123 2210 1223 2276 Paulo

14 2361 15 2378 t
150 2317 221 2396 poet
243 2332 280 2379 eu
302 2314 417 2382 litteris
441 2316 579 2382 codicum
607 2316 886 2400 paulatimque
909 2317 948 2382 id
970 2317 1219 2400 perarduum

150 2425 266 2488 inane
299 2423 514 2503 protentus
543 2421 666 2487 facilius
695 2426 728 2488 et
755 2424 879 2503 rectius,
901 2443 994 2508 quam
1016 2422 1097 2508 quod
1120 2441 1219 2504 nuper

14 2543 15 2556 *
57 2611 59 2615 Α
151 2528 299 2610 scriptum
337 2533 400 2602 est,
439 2527 587 2594 efficiturz
630 2530 911 2613 paulatimque
946 2530 980 2595 in
1018 2527 1221 2614 peu-arduum

151 2634 269 2700 inane
291 2632 515 2716 protentus.

127 2793 128 2797 =
254 2752 330 2818 lbid.
365 2755 397 2829 5,-
428 2753 466 2820 6:
503 2752 678 2836 ideoque
716 2753 942 2818 Armeniam
980 2758 1224 2835 recuperare
1350 2839 1351 2842 Ἴ

152 2877 241 2924 cum.
268 2859 562 2943 Mesopotamia
595 2841 736 2938 debeo,
773 2879 842 2924 avo
877 2877 959 2924 meo
986 2858 1223 2940 *composita

152 2965 292 3031 fraude
312 2967 560 3049 praereptam.
599 2967 709 3031 Illud
731 2965 835 3048 apud
856 2983 928 3030 nos·
948 2983 1156 3048 numquam
1179 2963 1216 3034 in

152 3076 358 3155 accep-tum
382 3073 528 3150 fretus,
546 3073 648 3156 quod
671 3073 862 3139 asseritis
882 3089 950 3137 uos
966 3072 1225 3149 exsultantes,

153 3178 265 3244 nullo
309 3178 548 3244 discrimine
591 3177 764 3244 uirtutis
807 3194 850 3244 ac
888 3178 970 3244 doli
1006 3195 1222 3263 prosperos

153 3303 286 3350 omnes
321 3284 481 3351 laudari
520 3285 665 3350 debere
700 3284 899 3350 bellorum
932 3287 1110 3350 eventus.
1171 3284 1222 3348 Sic

153 3393 280 3460 codices.
326 3393 437 3458 Minus
453 3390 592 3457 feliciter·
605 3391 664 3456 hoo
685 3391 752 3455 loco
774 3391 909 3474 nauplio
932 3403 981 3456 res
1001 3389 1104 3468 cessit,
1121 3391 1175 3472 qui
1191 3391 1224 3454 ct

153 3500 284 3566 fretus
308 3499 458 3564 violenter
483 3499 514 3562 in
536 3497 695 3563 feretur
716 3497 851 3562 mutavit
872 3497 905 3562 el
926 3495 1075 3562 locutioni
1099 3497 1139 3559 in
1163 3513 1222 3560 ac·

152 3609 308 3689 ceptum
332 3591 454 3682 ferre,
478 3621 547 3688 quaa
567 3607 636 3687 ipsa
653 3602 802 3668 inusitata
817 3606 864 3668 est
878 3619 932 3685 pro
948 3619 992 3682 eo,
1009 3601 1091 3686 quod
1108 3601 1222 3666 dicitur

152 3714 360 3796 acceptum
405 3712 528 3790 terre,
579 3708 835 3794 significationem
877 3707 1050 3773 inauditam
1094 3706 1221 3773 alfinuit.

153 3818 261 3884 Oratio
297 3820 330 3883 et
367 3818 523 3884 sontmtia
561 3817 735 3884 rectissima
773 3813 904 3882 efficitur
943 3813 1088 3879 resdtato
1128 3813 1223 3878 unius

14 4005 15 4008 Ἴ
152 3926 263 3990 litterae
299 3926 473 3990 mutatione
501 3923 655 3990 infinitivo
691 3924 811 4007 pessino
850 3920 946 3986 laturi
979 3920 1134 4002 temporis,
1168 3918 1222 4002 qui

14 4037 15 4058 ³
153 4045 274 4114 sapsa·
301 4030 435 4096 librariis
465 4031 652 4114 depravatas
682 4034 749 4096 est:
784 4028 958 4111 ideoque
978 4025 1223 4092 ⁴Armeniam

152 4157 423 4221 recuperare.
448 4184 454 4200 .
478 4138 618 4215 dobeo,
642 4130 1223 4217 avomcocompositairande
1283 4209 1287 4226 Ι
