3008 4650
310 256 370 318 100
680 256 741 310 Lib.
761 257 796 311 11.
816 257 881 325 Cap.
900 257 921 310 Ι.

269 471 328 518 non
349 471 439 535 posse
462 455 690 520 Siculorum
721 455 893 536 complures
921 454 1147 531 intellexerunt
1177 454 1208 518 in
1242 454 1335 518 corri-

268 560 368 644 gendo
401 561 504 626 minus
537 560 658 637 felices;
692 580 764 625 nam
796 580 835 625 na
868 580 937 626 cum
966 561 1187 626 versiculis
1209 561 1332 644 quidem

265 668 337 749 apte
360 670 553 749 comparatur
574 667 670 733 oratio
694 668 891 732 membratim
914 667 1005 732 nimis
1025 666 1156 733 concisa.
1201 666 1279 732 Mihi
1301 668 1334 730 in

266 774 403 838 mentem
436 774 521 838 venit
551 773 779 848 anniculorum,
816 775 851 837 ut
885 773 1058 838 assularum
1094 772 1204 840 similis
1237 777 1333 838 oratio

265 879 442 946 huiusmodi
466 881 592 947 dicatur.

715 1163 890 1239 Brutus.*)
920 1201 930 1212 -

366 1333 464 1414 §312
497 1331 568 1395 His
598 1329 732 1413 (Gorgiae
763 1334 794 1395 et
824 1329 983 1412 sophistis)
1017 1329 1210 1411 opposuit
1244 1349 1331 1395 sese

265 1440 469 1510 Socrates.
508 1437 573 1520 qui
610 1435 852 1502 subtilitate
885 1435 1050 1520 quadam
1094 1435 1334 1518 disputandi

263 1545 459 1610 refellere
482 1563 615 1609 eorum
636 1543 837 1608 instituta
858 1543 1020 1608 solebat
1038 1543 1183 1609 uerbis.
1206 1542 1332 1608 Huius

264 1668 306 1713 ex
327 1650 547 1715 uberrimis
571 1649 824 1714 sermonibus
851 1650 1091 1714 exstiterunt
1114 1649 1333 1714 doctissimi

262 1757 341 1828 ,viri
378 1759 435 1822 cet.
483 1757 662 1822 Ablatirum
699 1756 834 1821 verbis
871 1775 996 1837 prorsus
1031 1755 1141 1821 vitiose
1178 1755 1333 1821 abundare

262 1865 434 1946 praesertim
448 1867 519 1947 post
536 1864 602 1938 illa,
618 1882 687 1945 quae
702 1863 889 1945 praecedunt,
905 1861 1149 1927 subtilitate
1164 1862 1331 1944 quadam

263 1969 519 2053 disputandi,
552 1969 643 2034 multi
676 1969 908 2045 intellexerunt3
943 1970 998 2033 sed
1027 1985 1113 2050 aeque
1141 1970 1259 2035 eertum
1286 1973 1335 2036 est

264 2097 324 2142 non
347 2078 457 2143 debere
479 2075 658 2159 simpliciter
680 2075 749 2139 tolli
770 2075 965 2152 uocabulum,
988 2075 1069 2158 quod
1092 2093 1146 2141 our
1160 2075 1228 2160 quis
1245 2077 1333 2144 addi-

263 2183 351 2257 derit,
380 2203 416 2247 ne
444 2183 573 2247 minima
601 2181 725 2263 quidem
757 2201 850 2246 causa
876 2182 1195 2266 fingipossit,atqua
1218 2186 1332 2251 subeo

264 2288 348 2352 aliud
373 2288 478 2352 latere.
526 2289 600 2353 Veri
622 2287 789 2370 vestigium
813 2289 960 2372 attigemt
982 2288 1125 2363 Orellius,
1148 2291 1201 2373 qui
1222 2291 1332 2356 adrer-

263 2393 347 2459 bium
380 2394 419 2458 ad
453 2394 587 2460 Socratis
619 2394 779 2459 refellendi
812 2394 942 2460 formam
978 2395 1143 2459 notandam
1175 2397 1330 2479 pertinens

262 2501 387 2566 subesse
410 2500 583 2584 suspicatus
605 2503 668 2577 est3
699 2501 754 2566 sed
785 2501 866 2585 quod
887 2501 1160 2566 urbanissime
1182 2503 1330 2586 seriptum

261 2607 354 2673 luisse
390 2607 530 2684 coniecit,
565 2608 656 2672 nimis
688 2626 707 2672 a
739 2607 878 2672 codicum
907 2606 1061 2688 scriptura
1082 2606 1224 2688 discedit,
1245 2627 1331 2692 quae·

262 2733 393 2797 cumque
416 2714 608 2798 excogitatur
629 2711 809 2794 superlativi
831 2712 936 2777 forma.
963 2712 1068 2797 Longe
1090 2714 1279 2796 probabilius
1294 2733 1330 2780 ex

261 2822 425 2886 solebat
445 2809 581 2885 verbis
604 2801 736 2884 efficitur
761 2818 920 2884 solebat
941 2817 1097 2886 acerbius.

362 2947 442 3014 lbid.
466 2950 522 3012 46:
556 2948 699 3030 ltaque
732 2948 790 3012 ait
821 2947 1089 3028 Aristoteles,
1124 2970 1207 3015 cum
1237 2954 1331 3017 sub·

262 3052 362 3118 latis
393 3053 431 3117 in
461 3053 609 3118 Sicilia
638 3054 823 3137 tyrannis
852 3073 915 3119 res
937 3055 1105 3136 privatae
1127 3057 1246 3142 longo
1266 3057 1329 3122 in-

230 3157 439 3225 ‘teruallo
480 3159 650 3224 iudiciis
686 3162 989 3241 repeterentur,
1032 3163 1113 3226 tum
1149 3165 1330 3245 primum,

261 3267 362 3354 quod
385 3266 487 3331 esset
508 3267 622 3330 acuta
643 3265 719 3330 illa
743 3285 834 3350 geue
857 3268 894 3332 et
916 3270 1182 3334 controversa
1198 3271 1329 3346 (codices

311 3536 337 3605 *)
355 3535 434 3590 Bruti
452 3535 561 3590 codices
587 3541 696 3590 constat
718 3550 812 3590 omnes
832 3535 899 3590 satis
919 3551 980 3593 cese
998 3546 1132 3610 recentes,
1151 3556 1183 3595 ex
1201 3557 1256 3596 uno
1276 3541 1324 3596 ali-

360 3643 414 3695 quo
442 3627 595 3698 antiquiore
623 3628 767 3698 derivatos,
792 3645 843 3684 nec
861 3629 914 3684 nisi
933 3630 1011 3686 noris
1030 3631 1201 3688 describendi
1219 3634 1325 3689 mendis

359 3724 387 3772 et
417 3720 569 3788 corrigendi
597 3721 740 3776 conatibus
767 3721 884 3778 differre.
929 3723 1028 3792 Itaque
1046 3726 1163 3796 vestigia
1179 3728 1327 3784 remotiora

359 3811 487 3867 subtilius
504 3813 687 3882 persequendi
700 3814 777 3869 nulla
790 3821 832 3870 est
844 3813 969 3871 facultas.
998 3817 1064 3884 Quae
1076 3820 1122 3876 hic
1135 3826 1327 3890 proponuntur

359 3904 571 3974 emendationes,
587 3905 645 3962 iere
664 3923 758 3962 omncs
780 3908 915 3978 evulgatae
933 3909 987 3964 iam
1007 3912 1110 3965 suntin
1123 3912 1194 3967 libro
1210 3913 1326 3967 Haunioe

359 4011 382 4049 a.
403 3996 471 4052 18⁷9
490 3998 562 4053 edito
581 4005 610 4053 et
633 3999 674 4054 sic
695 3999 840 4070 inscripto:
870 4003 919 4054 Det
945 4005 1224 4072 philoloyr’sk-distorr'rlre
1253 4005 1325 4058 Sum·

351 4089 433 4153 sande
453 4091 620 4159 Mindecbrrfl,
636 4109 663 4160 p.
684 4092 735 4148 166
754 4107 815 4160 sqq.
