2974 4660
284 277 324 340 28
656 275 717 331 Lib.
735 276 757 330 L
778 279 843 346 Cep.
862 275 899 330 11.

242 473 423 540 Necessario
445 474 500 540 aut
520 474 622 557 ipsum
644 491 755 541 nomen
776 473 858 558 regis
880 472 1055 556 ponendum
1084 471 1161 548 erat,
1185 473 1241 537 aot
1261 470 1312 536 in·

242 579 330 646 finite
346 579 509 646 dicendum
522 582 681 668 βασιλέος
695 572 800 654 τινός.
828 577 889 645 Sed
903 579 1096 646 aecusativus
1111 575 1322 662 ἐπωνυμίην·

242 685 327 751 nuile
349 686 488 769 exemplo
510 687 554 752 sio
581 686 706 769 ponitur
729 705 799 752 enm
826 686 967 771 genetivo
987 678 1114 768 (ὄνομά
1136 683 1198 770 μοί
1222 687 1314 750 ἔστιν

244 793 442 877 ἐπωνυμίην
474 786 575 867 τινός,
607 792 667 859 etsi
698 796 782 858 reete
814 791 1015 874 ἐπωνυμίην
1046 790 1171 857 additur
1199 807 1313 875 eogno-

243 900 346 963 mento
367 899 450 983 ipsi).
501 899 632 965 Videtur
659 898 835 964 Herodotus
862 899 1038 980 soiipsisse:
1067 895 1154 963 εἶναι
1176 892 1311 978 οὕνομα

243 1003 435 1080 Σκολότους
456 1004 602 1088 (κατά
628 999 891 1088 Bantinos>
920 1005 1079 1090 βασιλέος
1100 1003 1315 1088 ἐπωνυμίην,

244 1112 362 1177 librarii
377 1111 483 1178 oonlns
500 1114 531 1178 in
545 1111 658 1179 litteris
673 1111 839 1197 geminatis
853 1091 1019 1178 aberrasse.
1043 1111 1094 1178 δία
1108 1111 1190 1175 enim
1205 1108 1324 1176 Graeoe·

243 1215 371 1282 dieitur:
406 1211 477 1284 κατ’
499 1221 699 1304 ἐπωνυμίην
731 1214 825 1293 τινός
856 1211 1093 1304 ὀνομάζεσθαί
1115 1243 1159 1282 τι.
1204 1215 1329 1294 (Paulo-

243 1326 332 1389 eiiter
354 1325 537 1409 Krdgeros.)

345 1442 423 1508 Ibid.
448 1442 486 1506 11
510 1443 561 1522 (de
584 1443 723 1508 dissensu
747 1443 989 1517 cimmeriorum,
1022 1442 1126 1506 utinm
1160 1441 1254 1506 armis
1281 1458 1330 1504 se·

245 1552 350 1613 eontra
373 1548 505 1632 Scythas
527 1549 728 1614 defenderent
749 1558 873 1626 neene):
912 1545 978 1633 τήν
1004 1553 1070 1632 μὲν
1097 1542 1164 1635 yda
1187 1543 1229 1633 δη
1251 1547 1341 1612 τοῦ·

246 1645 357 1738 δήμου
391 1659 504 1740 φέρειν
535 1651 677 1743 γνώμην
710 1651 755 1730 οἷς
788 1649 1071 1723 α’παλλοίοοιοθαι
1095 1656 1238 1742 πρῆγμα
1261 1656 1315 1736 εἴη

243 1762 331 1846 μηδὲ
367 1757 433 1849 mon*
471 1765 600 1830 πολλοῦ
635 1761 782 1849 δεόμενα
816 1755 1043 1838 κινδυνεύειν,
1080 1756 1145 1845 την
1179 1761 1213 1828 δὲ
1246 1761 1316 1828 τῶν

243 1871 412 1954 βασιλέων
434 1865 664 1956 διαμάχεσθαι
689 1896 718 1936 κ.
732 1897 762 1936 υ.
778 1873 806 1935 λ.
841 1871 892 1935 Sio
914 1869 1034 1936 codices
1056 1869 1116 1934 fide
1138 1867 1233 1952 digni,
1257 1869 1315 1932 nisi

244 1975 326 2058 quod
359 1975 391 2040 in
424 1977 612 2061 Angelicano
645 1997 698 2061 pro
732 1969 877 2061 δεόμενα
917 1975 1018 2057 prima
1049 1993 1159 2040 manns
1191 1973 1317 2057 scripsit

244 2073 423 2168 γινόμενα.
476 2083 512 2148 In
541 2103 613 2149 vera
645 2085 797 2167 scriptum
818 2080 1003 2165 exquirenda
1025 2081 1175 2164 proficisci
1196 2082 1317 2163 oportet

246 2208 265 2254 a
288 2181 445 2273 δεόμενα,
468 2207 560 2272 qnam
582 2189 735 2272 participii
758 2187 1012 2254 terminationem
1033 2206 1125 2253 nemo
1146 2187 1197 2252 hio
1218 2187 1316 2251 inter-

246 2295 403 2378 posituros
436 2298 504 2361 erat
534 2297 594 2360 nisi
628 2316 646 2360 a
675 2295 880 2378 superioribus
912 2295 1083 2378 aoeeptam;
1106 2294 1145 2359 ad
1167 2293 1201 2358 id
1222 2291 1314 2378 perti·

247 2402 362 2484 oipiom
384 2403 455 2484 apte
477 2403 725 2468 eeoommodntur
749 2402 898 2478 παλλακῇ
919 2401 1105 2484 relinquitur
1119 2400 1263 2482 primum,
1279 2407 1316 2464 ut

246 2526 308 2572 nna
340 2507 446 2574 littera
476 2509 584 2574 addita
615 2507 767 2575 eifioietur
798 2507 973 2591 prepositio
999 2506 1039 2571 ad
1063 2502 1211 2593 δεόμενα
1233 2511 1316 2590 apta,

247 2607 367 2698 πρός,
390 2615 512 2694 deinde,
544 2617 691 2699 quonism
716 2616 787 2698 post
809 2614 939 2681 πολλοῦ
962 2607 1107 2698 δεόμενα
1130 2610 1317 2678 sententiam
1386 2629 1390 2638 ’

247 2740 307 2787 non
324 2723 435 2804 explet,
449 2723 662 2806 reperiendum
677 2724 726 2789 est
740 2722 977 2795 substantivum,
993 2721 1076 2804 qnod
1090 2719 1173 2784 inter
1184 2719 1316 2785 πολλοῦ

247 2830 280 2892 et
301 2822 448 2911 δεόμενα
470 2830 678 2905 interciderit3
702 2827 852 2911 qnaerenti
868 2829 972 2894 antem
988 2825 1163 2909 proximum
1178 2844 1211 2891 se
1226 2824 1315 2890 offert

248 2929 403 3012 πόνου,
426 2939 461 2998 ut
482 2934 634 3000 efficiatur
663 2933 750 3017 πρός
779 2936 910 3000 πολλου
934 2927 1047 3000 πόνου
1070 2927 1216 3016 δεόμενα
1240 2955 1314 2997 κιν-

249 3036 417 3115 (insaniem,
449 3040 620 3121 periclitari
653 3042 799 3106 adversus
830 3059 878 3106 res
907 3059 1052 3123 magnam
1083 3039 1259 3105 molestiam
1282 3043 1316 3102 et

249 3146 468 3213 difficultatem
492 3147 648 3211 habentes.
691 3146 760 3211 Non
783 3165 838 3229 pro
864 3149 948 3212 oerta
968 3147 1048 3212 hano
1070 3145 1327 3212 emendationem.

249 3252 386 3326 vendito,
419 3251 473 3316 sed
506 3271 610 3316 veram
643 3253 771 3316 formem
805 3253 952 3318 orationis
975 3271 1026 3320 me
1054 3253 1198 3336 attigisse
1228 3252 1314 3333 poto.

248 3353 350 3444 (πρδς
372 3357 502 3424 πολλοῦ
526 3357 621 3432 δέους
641 3360 865 3445 ηίμονκαί)*)

302 3547 329 3617 *)
347 3548 380 3602 In
404 3544 507 3600 telibus
532 3544 602 3599 locis
631 3552 659 3600 et
683 3546 819 3601 interdum
849 3552 941 3602 tacere
965 3549 1078 3615 praestat
1102 3547 1130 3598 et
1149 3542 1316 3598 coniecturae

349 3638 488 3695 aberrenti
506 3639 586 3693 venia
603 3645 702 3709 parata
719 3655 779 3694 esse
798 3638 892 3708 debet3
912 3639 959 3693 sed
978 3636 1109 3694 eiusmodi
1129 3641 1250 3690 monstra
1268 3651 1314 3690 ex-

350 3732 472 3802 cogitari,
492 3739 523 3785 ut
541 3747 572 3786 ex
590 3735 694 3786 notioni
711 3730 762 3786 fiat
780 3735 887 3786 σποδοῦ
906 3741 934 3786 et
953 3730 1007 3797 πρὸ
1027 3733 1134 3784 σποδοῦ
1145 3728 1316 3783 κινδυνεύειν

350 3825 502 3896 accipiatur
520 3825 553 3879 de
572 3824 624 3880 soli
641 3825 739 3894 patrie
759 3824 916 3879 defensione
944 3824 1032 3892 (qnasi
1060 3822 1136 3877 dicas
1162 3837 1222 3891 pro
1245 3821 1322 3891 pul·-

349 3934 430 3972 vere
456 3918 602 3986 oertere)
629 3924 657 3972 et
679 3916 776 3972 deinde
802 3917 845 3972 his
872 3918 1063 3986 interponatur
1086 3930 1118 3969 ex
1140 3915 1327 3984 interpolatis-

350 4011 488 4066 eodieibus
516 4009 661 4078 δεόμενον,
695 4025 784 4078 neque
811 4015 950 4064 structura
976 4024 1064 4077 neque
1092 4007 1228 4064 sententia
1254 4023 1318 4061 oum

350 4104 464 4174 reliquis
483 4103 542 4159 nlla
560 4118 590 4158 en
609 4108 687 4172 perte
706 4102 888 4170 coniunctum,
906 4101 935 4156 id
953 4115 1018 4156 vero
1037 4115 1092 4156 non
1110 4099 1250 4156 ferendum
1264 4105 1315 4153 est.
