3012 4652
305 300 365 364 m
662 300 932 372 muQm

261 499 361 566 tentia
383 499 548 566 manifeste
561 499 716 581 postulat:
739 501 778 564 st
806 519 890 565 cum
913 499 1011 567 etiam
1032 499 1249 583 Pompeius
1271 502 1330 566 eet.

264 604 418 691 [Orellius
441 607 521 670 1845
544 603 670 689 item]

362 711 441 777 Ibid.
470 712 491 798 ξ
520 711 577 776 20:
612 710 772 794 qnidam
804 711 988 778 hemines
1020 715 1059 779 et
1087 712 1210 780 iidem
1243 713 1329 793 illi,

262 836 359 901 qnos
391 837 493 901 saepe
527 818 791 903 significatio
822 837 946 907 neque
980 819 1153 902 appello.
1206 821 1252 886 Ex
1274 821 1331 887 bac

261 924 369 1006 prima
401 943 511 990 manus
544 925 696 1008 scriptura
725 945 835 992 munus
857 927 956 992 altera
977 926 1188 1010 interpolando
1212 926 1331 993 effecit:

261 1049 362 1114 saepe
404 1034 503 1097 nutu
547 1031 945 1116 significationeque
981 1032 1155 1116 appelle.
1220 1033 1331 1117 Neque

260 1141 361 1204 nutu
381 1137 547 1224 significari
571 1137 734 1223 quisquam
757 1140 788 1204 in
816 1140 947 1222 epistola
960 1140 1064 1222 petest
1085 1159 1183 1223 neque
1206 1139 1332 1225 signi·

260 1244 460 1311 ficaticne
492 1243 704 1328 appellari.
758 1247 943 1312 Emendatio
966 1245 1117 1312 facillima
1138 1251 1203 1312 est:
1233 1265 1331 1333 ques

261 1367 362 1433 saepe
384 1348 530 1435 signillcu
553 1370 677 1435 neque
699 1353 871 1436 appello.

362 1456 441 1522 Ibid.
464 1458 516 1535 lv,
540 1458 569 1537 9,
592 1461 629 1523 4:
652 1459 851 1543 Denique,
880 1461 914 1525 si
942 1459 1023 1525 luit
1053 1461 1183 1543 magni
1206 1463 1330 1527 animi

260 1582 336 1629 non
359 1582 446 1630 esse
468 1565 693 1647 supplicem
717 1567 881 1645 victori,
897 1565 1066 1644 aidane
1088 1568 1252 1650 superbi
1272 1569 1331 1633 sit

261 1671 474 1752 aspernari
497 1671 676 1738 eiusdem
699 1673 1023 1748 liberalitatem,
1055 1674 1095 1736 et
1123 1673 1330 1756 sapientis

260 1781 322 1843 est
355 1795 492 1844 carere
523 1779 676 1861 patria,
709 1780 798 1845 duri
827 1798 900 1845 non
932 1778 1186 1859 desiderare,
1217 1785 1272 1860 et,
1296 1785 1329 1848 si

259 1885 490 1968 republica
518 1887 751 1967 nonpossis
784 1887 882 1966 frui,
916 1889 1090 1953 stultum
1124 1888 1187 1953 est
1219 1889 1330 1956 nelle

260 1983 431 2074 privata.
476 1991 527 2057 Sic
548 1991 641 2056 codex
664 1991 747 2057 Med.
771 1993 867 2058 Recte
887 1995 959 2058 ante
981 1992 1186 2076 sapientis
1207 1995 1331 2062 additur

260 2097 311 2173 si;
333 2116 448 2176 vereor,
471 2116 509 2161 ne
532 2097 627 2162 simul
649 2101 720 2180 post
742 2099 946 2184 sapientis
968 2100 1039 2166 tolli
1058 2101 1168 2166 debeat
1190 2103 1261 2181 est,
1283 2105 1330 2184 nt,

260 2203 518 2286 quemadmodum
535 2206 607 2288 post
622 2205 711 2271 duri
730 2207 853 2272 auditur
875 2207 947 2286 sit,
972 2207 1062 2273 sicin
1077 2207 1177 2292 priore
1192 2211 1330 2299 membro

259 2308 403 2375 audiatur
424 2311 513 2377 luit.
546 2312 672 2390 Verum,
694 2315 767 2378 utut
786 2312 843 2378 bec
858 2317 916 2390 est,
932 2313 1088 2393 mendum,
1105 2314 1186 2398 qnod
1202 2319 1331 2400 apparet

228 2433 229 2436 ’
259 2419 291 2481 in
323 2417 498 2484 stultum
531 2422 609 2497 est,
643 2421 823 2498 occultatur,
857 2441 916 2486 non
946 2420 1070 2486 tollitur
1100 2421 1215 2488 omisso
1248 2426 1326 2500 est;

258 2543 329 2590 nam
361 2529 393 2590 et
425 2525 550 2591 stulti
584 2545 650 2592 esse
674 2527 814 2604 debebat,
847 2529 879 2592 et
906 2527 975 2611 ipsa
996 2527 1139 2594 stultitiae
1161 2529 1328 2612 appellatio

256 2648 382 2716 gravem
406 2632 500 2698 babet
521 2632 663 2698 Marcelli
693 2632 901 2712 offensionem,
930 2653 999 2718 quae
1021 2635 1108 2701 nulla
1130 2637 1184 2701 aut
1206 2635 1327 2703 medica

258 2742 305 2804 est
334 2740 364 2803 in
395 2740 623 2822 comparatione
644 2739 812 2823 sapientiae
842 2742 874 2806 et
901 2740 1033 2806 duritiae.
1088 2743 1196 2827 Itaque
1225 2745 1327 2809 totum

257 2846 315 2911 bec
347 2847 535 2912 stultum,
553 2848 616 2912 est
646 2866 665 2913 a
698 2846 823 2913 librario
856 2847 1024 2930 ascriptum
1063 2851 1145 2931 puto,
1179 2849 1232 2932 qui
1265 2869 1326 2916 non

258 2951 442 3018 attendisset
464 2953 602 3036 copulari
625 2973 700 3019 non
724 2954 959 3020 desiderare
982 2957 1013 3019 et
1034 2955 1198 3034 nolle.*)

358 3070 435 3135 lbid.
461 3072 509 3149 13,
533 3071 570 3136 7:
598 3091 680 3155 quae
702 3073 736 3138 si
758 3072 949 3157 colliges,
972 3074 1011 3140 et
1033 3073 1222 3157 sperabis
1245 3094 1326 3140 cm-

256 3177 321 3241 nia
364 3176 513 3260 optime
556 3181 611 3256 et,
655 3197 737 3261 qaae
774 3180 978 3256 accident,
1015 3183 1326 3266 qualiacumque

258 3286 391 3361 erunt,
425 3284 635 3368 sapienter
668 3286 785 3350 feres.
841 3287 936 3352 Recte
966 3287 1080 3353 dicitur
1110 3290 1207 3355 bene
1232 3306 1327 3372 spe·

255 3409 361 3468 rare,
398 3411 489 3474 prave
526 3394 656 3458 omnia
691 3392 789 3457 bene
825 3411 1004 3481 sperare,
1048 3415 1117 3460 cum
1154 3397 1326 3480 presertim

256 3499 442 3564 contrarium
463 3499 629 3565 inseratur:
664 3518 746 3582 quae
774 3500 982 3578 accident,
1012 3503 1324 3586 qualiacumque

256 3608 399 3669 erunt..
445 3605 645 3672 Scribendum
679 3607 865 3680 necessario:
904 3609 943 3672 et
975 3610 1160 3690 sperabis
1193 3611 1327 3676 emnia

256 3710 376 3798 optima
398 3717 451 3789 et,
475 3731 557 3796 quae
579 3711 784 3804 accident,
808 3717 866 3780 cet.
902 3712 946 3779 Cf.
962 3715 1015 3793 Vl,
1033 3718 1072 3778 13
1097 3719 1171 3780 extu.

308 3969 335 4036 *)
355 3968 434 4036 Quod
456 3970 481 4039 5,
509 3970 526 4024 5
554 3971 582 4025 in
610 3970 725 4040 epistole
743 3971 831 4026 Servii
849 3971 963 4042 Sulpicii
982 3980 1175 4031 annotaveram
1203 3973 1325 4032 scriben-

357 4062 420 4116 dum
439 4077 507 4131 esse,
535 4079 599 4118 une
626 4079 695 4119 cum
722 4080 757 4119 re
781 4064 919 4132 publica
935 4066 1099 4123 floruisse
1116 4068 1176 4139 (pro
1194 4067 1325 4140 fuisse),

355 4155 434 4210 rideo
452 4155 507 4210 iam
520 4171 536 4210 a
549 4157 674 4212 Lambini
687 4159 848 4227 aequalibus,
863 4158 961 4216 deinde
975 4175 992 4216 a
1006 4162 1131 4218 Weiskio
1144 4168 1322 4232 praeceptum.
