3008 4654
290 273 352 336 m
651 270 917 341 mmmm

240 489 395 554 umquem
416 469 577 552 participio
600 471 655 535 out
675 467 827 536 adiectivc
849 471 893 536 sic
916 467 1018 551 posito
1040 466 1189 546 adiunxit,
1211 468 1246 532 ut
1271 468 1317 532 di·

239 580 332 644 ceret
364 579 449 643 verbi
481 595 571 643 causa
604 576 765 643 incerte
797 594 898 656 saepe
930 593 1129 641 rumorum
1161 578 1214 641 aut
1242 573 1318 640 uda

248 703 403 766 semper
425 685 623 767 paludum.
666 685 775 767 ltaque
804 681 952 768 suspicari
984 700 1077 765 cogor
1103 680 1160 746 sub
1182 680 1240 747 boc
1261 682 1316 746 ad·

209 780 345 858 'uerbii
367 793 468 873 specie
495 792 621 856 subesse
649 790 876 856 substantivum
910 788 1106 870 Pliniumque
1139 786 1314 872 scripsisse:

237 900 437 982 usurpatam
459 915 576 984 saepem
598 899 772 963 collium.
829 895 880 962 Sic
909 894 1103 980 appellantur
1133 894 1226 961 colles
1248 894 1315 977 pla·

240 1004 365 1083 citiam,
402 1022 470 1087 quac
501 1004 641 1070 inundari
673 1004 800 1078 solebat,
836 1001 999 1086 sepientes
1036 1004 1068 1068 et
1103 1001 1315 1067 terminantes.

248 1111 335 1176 ldem
350 1103 460 1201 nomeu
482 1109 513 1174 in
536 1109 715 1177 adverbium
739 1129 839 1193 saepe
862 1109 1062 1192 depravatum
1078 1107 1204 1190 restitui
1229 1107 1316 1173 Livio

239 1217 345 1296 xbll,
375 1217 424 1280 63.
495 1218 600 1282 Potest
643 1218 738 1284 etiam
779 1217 926 1299 scriptum
969 1216 1081 1282 fuisse:
1125 1218 1316 1303 usurpatam

237 1341 402 1406 semper
423 1326 622 1412 <sepem>
644 1323 820 1391 collium.

347 1429 424 1495 lbid.
447 1430 488 1494 36
510 1431 575 1508 (ubi
597 1431 755 1498 extollitur
784 1429 965 1496 beneficium
996 1427 1128 1508 Traiani,
1157 1428 1238 1512 quod
1266 1428 1315 1500 iis.

244 1537 359 1620 quibus
381 1536 460 1603 lisa
488 1538 561 1604 fisco
592 1537 806 1614 intentaretur,
841 1538 996 1620 optionem
1028 1535 1175 1613 dedisset,
1210 1537 1313 1600 utrum

246 1644 460 1710 communibus
482 1643 603 1714 iudiciis
628 1644 675 1710 uti
696 1645 812 1711 vellent
834 1663 872 1710 an
894 1643 981 1727 opud,
997 1645 1225 1725 procuratorem
1241 1624 1313 1707 ceu·

245 1769 311 1816 sem
336 1758 458 1836 agere:
475 1751 659 1818 Liberum
685 1752 746 1816 cst
767 1753 898 1816 entem
922 1748 1178 1816 discriminis
1203 1747 1315 1823 „nolo

235 1856 570 1936 taliicodicesuolo)
594 1878 677 1924 eum
701 1856 891 1942 eligere-“-
912 1855 1048 1940 Neque
1071 1857 1175 1923 euim
1196 1854 1315 1919 ullam

245 1967 539 2031 necessitatem
561 1966 796 2032 muneribus
818 1965 901 2030 tuis
923 1962 1057 2042 eddir,
1073 1961 1314 2047 utquiscie's

244 2069 346 2135 hauc
368 2089 455 2136 esse
478 2073 771 2138 beneficiorum
794 2070 1083 2156 principalium
1109 2087 1314 2147 summam,

243 2176 277 2240 si
299 2176 389 2242 illis
411 2179 450 2241 et
471 2197 543 2243 uon
565 2180 626 2243 uti
645 2179 756 2244 licet.
789 2178 887 2257 Quam
910 2178 975 2244 haec
996 2178 1051 2243 out
1070 2176 1199 2243 licenter
1220 2176 1315 2240 inter·

244 2282 376 2365 polariut
398 2283 532 2350 editores
555 2287 609 2350 aut
630 2285 783 2352 uiolenter
805 2286 1021 2361 emanaverint,
1050 2283 1130 2350 nihil
1159 2302 1234 2367 opus
1263 2285 1311 2350 est

243 2392 352 2457 dicere.
397 2391 479 2470 Quid
502 2399 549 2458 est
571 2393 664 2468 enim,
687 2395 723 2458 ut
744 2391 919 2458 liborum
942 2391 1196 2458 discriminis
1219 2391 1311 2457 cmit-

233 2499 318 2576 tom,
351 2499 562 2565 incredibilius
596 2518 690 2583 quem
721 2500 752 2562 in
786 2499 844 2564 hnc
873 2500 1010 2564 oratioue
1033 2496 1223 2564 audiendum
1244 2517 1311 2564 esse
1379 2525 1381 2530 ·

241 2605 578 2673 infinitivumdicere
600 2607 786 2684 (liborum
808 2610 870 2672 est
892 2605 1148 2672 discriminis
1171 2605 1310 2684 dicere)

241 2716 296 2779 aut
316 2733 483 2796 pronomen
507 2732 591 2780 cum
615 2733 670 2796 pro
691 2713 794 2778 hunc
816 2715 864 2778 rel
892 2713 1009 2778 illum
1035 2714 1107 2796 poni
1131 2717 1184 2778 aut
1204 2711 1310 2796 litiga·

232 2821 515 2887 commonentem
538 2820 641 2886 induci
663 2820 837 2885 iudicem
860 2821 984 2903 eligo,
1007 2820 1095 2902 quasi
1119 2818 1183 2886 nlla
1204 2819 1237 2884 in
1252 2817 1310 2885 bac

234 2946 273 2992 re
303 2927 457 3012 litigatori
490 2926 602 2992 electio
636 2927 725 2992 detur
751 2945 867 2992 acuon
889 2927 953 2992 sole
975 2927 1149 2992 recusatio?
1197 2925 1309 2992 Omnia

241 3032 423 3115 planissime
450 3033 672 3122 aptissimaque
701 3033 809 3099 reddet
831 3052 893 3099 unc
916 3020 1024 3098 littera
1045 3034 1175 3110 mutata,
1198 3034 1309 3100 ceterae

233 3138 353 3204 rectius
376 3139 556 3205 distributae.
601 3142 651 3206 Sic
674 3141 758 3206 enim
779 3139 899 3206 Plinius
918 3139 1098 3223 scripserat:
1121 3139 1308 3206 Liberum

230 3247 303 3310 -cst
324 3249 455 3311 autem
479 3246 656 3314 discrimini
677 3265 734 3314 suc
756 3245 859 3315 locum
882 3245 1044 3330 eligere.
1077 3247 1124 3325 Ei,
1147 3248 1196 3313 cui
1217 3247 1309 3312 fiscus

236 3352 328 3418 litem
351 3353 497 3432 intentat,
517 3353 647 3420 liberum
670 3355 718 3420 est
738 3355 860 3437 eligere,
886 3356 954 3418 utro
976 3352 1054 3428 loco,
1076 3354 1157 3438 opud
1172 3353 1308 3420 iudicem

229 3477 431 3526 communem
454 3479 493 3525 au
516 3460 598 3543 apud
620 3462 857 3545 procuratorem,
888 3459 1051 3526 discrimen
1081 3478 1182 3526 causae
1204 3460 1308 3526 subire

154 3584 158 3589 ·
230 3566 323 3632 uelit.

341 3685 417 3750 lbid.
440 3687 497 3750 37:
526 3685 654 3751 Onera
675 3687 839 3768 imperii
860 3686 1055 3768 pleraque
1077 3685 1305 3770 vectigalia

227 3789 407 3856 *institui
429 3794 552 3875 utprc
569 3792 757 3859 utilitate
773 3793 1307 3876 communiitasingulorum

182 3913 184 3916 ·
226 3894 404 3968 iniuriis
427 3889 654 3982 coegerunt.
708 3900 789 3981 Quid
811 3901 852 3964 sit
873 3899 1043 3965 iniuriis
1065 3899 1306 3985 singulorum

236 4001 461 4068 instituere
483 4005 728 4089 vectigalia,
755 4025 844 4072 nemo
875 4007 994 4084 dixerit,
1023 4008 1124 4072 miuus
1147 4006 1252 4084 etiarn,
1275 4006 1304 4071 si

227 4107 304 4189 puis
326 4110 572 4190 praepositionem
594 4118 662 4196 post
682 4113 742 4178 ite
762 4113 863 4178 audiri
886 4131 922 4177 ex
945 4113 1041 4179 ultero
1057 4115 1195 4179 membro
1211 4130 1302 4194 posse
