3012 4652
545 302 684 358 Ciceronis
704 301 836 372 epistolae.
929 362 931 366 ,
1118 301 1176 367 161

149 499 301 578 antem,
325 499 417 583 quia
441 501 647 581 verentur,
671 519 716 564 ne
739 499 846 564 illud
868 500 1033 566 senatus
1059 502 1221 567 consul·

149 607 233 671 tum
257 605 351 684 fiat,
384 609 426 672 ut
456 606 644 690 paludati
666 608 824 685 exeant,
847 608 905 672 aut
926 607 1220 674 contumeliose

151 712 476 799 <se>·praeteritis
505 712 552 778 ad
582 713 706 778 aliurn
734 731 798 778 res
825 712 1118 793 transferatur,
1141 733 1221 780 om-

155 820 443 886 ninosenatum
459 819 600 886 haberi
621 819 773 885 nolunt
796 819 956 902 (Autpro
973 819 1222 886 etscribendnm

150 945 221 992 esse
242 924 386 992 viderant
406 927 468 992 iarn
492 926 653 993 Ernestius
675 932 707 993 et
728 925 930 1004 Schuetzius.)

255 1032 448 1113 leidrat:
472 1034 696 1099 Decrerant
717 1033 875 1117 quidem
896 1031 1069 1116 (quidam
1096 1033 1221 1099 Wesen-

152 1139 1221 1225 bergine),quiiniquefflquinique)transigivolebant,

155 1245 1223 1331 Domitii,Scipiones,quibushacreadiutercassic-

152 1372 240 1420 nem
261 1353 501 1420 evocandam
529 1353 902 1435 interpellantibus
931 1353 1222 1419 venustissime

151 1459 501 1544 duriorespondit
522 1477 562 1524 se
584 1457 1222 1540 eolibentiusnonintercedere,

155 1567 252 1652 qnod
277 1567 483 1651 quosdam,
502 1567 569 1650 qui
585 1564 869 1644 decernerent,
891 1563 1051 1633 videret
1071 1567 1223 1633 confici

152 1673 267 1740 nolle.
303 1673 421 1740 Vitiosa
442 1672 509 1739 haec
530 1673 590 1739 dici
612 1671 704 1738 facile
725 1670 926 1756 intelligitur,
949 1672 1154 1756 nequeenim,
1172 1673 1223 1757 qui

151 1781 326 1860 decrerunt,
347 1781 452 1864 inique
473 1779 603 1865 transigi
626 1767 769 1845 volebant
790 1779 836 1856 (et
857 1795 925 1860 qua
943 1779 1047 1861 potest
1060 1778 1109 1844 hic
1124 1777 1224 1864 signi·

150 1888 241 1954 ficari
262 1887 455 1971 iniquitasii,
489 1886 544 1952 sed
576 1886 654 1951 nihil
682 1884 822 1970 transigi,
852 1885 952 1966 specie
973 1887 1096 1950 tantum
1118 1885 1223 1953 decer-

157 1995 250 2061 nendi
281 1995 414 2073 utentes,
449 1995 485 2059 ut
517 1995 549 2060 et
581 2013 617 2058 ex
644 1992 764 2076 reliqua
791 1992 962 2058 narratione
984 1993 1017 2056 et
1040 2011 1075 2057 er
1094 1995 1223 2059 venusto

152 2101 297 2167 dudonis
318 2119 464 2184 responso
480 2103 615 2184 apparet.
650 2098 849 2166 Scribendum
868 2097 977 2184 igitur:
1000 2099 1225 2167 Decrerent

153 2209 319 2293 quidam
347 2225 451 2295 neque
478 2207 655 2291 transigi
683 2205 891 2286 volebant,
920 2205 1108 2286 Domitii,
1138 2206 1224 2273 Sci-

154 2316 314 2400 piones,
346 2315 493 2398 quibus
522 2314 595 2379 hac
622 2334 661 2380 re
691 2313 737 2392 (id
764 2315 820 2392 est,
851 2313 877 2378 si
900 2313 983 2377 recte
1006 2311 1158 2393 scribitur,
1182 2333 1225 2380 ea

156 2443 214 2503 re,
235 2422 338 2501 ideo)
370 2419 416 2487 ad
445 2415 787 2486 intercessionem
809 2420 867 2484 cet.
911 2417 1074 2496 (Mardum
1097 2419 1224 2486 subesse

157 2531 317 2596 senserant
337 2527 401 2594 iam
422 2526 484 2608 alii,
507 2527 727 2593 correctionem
748 2545 808 2591 non
831 2526 962 2591 assecuti
985 2526 1095 2604 erant.)

258 2647 338 2715 lbid.
362 2651 382 2730 ξ
404 2647 440 2712 3:
470 2646 581 2727 Quod
602 2646 647 2711 ad
669 2663 747 2710 rem
770 2643 972 2722 publicam
994 2643 1163 2724 attinet,
1185 2645 1224 2709 in

157 2774 273 2821 unam
301 2773 458 2820 causam
487 2754 614 2818 omnis
641 2753 848 2819 contentio
871 2751 1056 2817 coniecta
1078 2753 1154 2830 est,
1179 2750 1225 2816 de

159 2861 405 2945 provinciis,
437 2861 477 2925 in
510 2878 584 2943 qua
616 2857 744 2924 adhuc
775 2859 846 2924 est.
880 2856 1121 2923 Incubuisse
1142 2877 1226 2924 cnm

163 2969 309 3034 senatu
344 2966 559 3050 Pompeius
594 2964 775 3044 videtur,
817 2966 861 3029 nt
896 2962 1027 3030 Caesar
1060 2962 1113 3030 Id.
1148 2963 1225 3030 No·

160 3075 304 3140 vembr.
327 3071 505 3139 decedat.
546 3072 621 3153 Quis
644 3073 699 3137 aut
721 3072 793 3156 quid
815 3071 878 3137 est
898 3069 1044 3137 adhucio
1061 3075 1227 3137 eacansa?

158 3179 378 3247 Scribonium:
411 3183 449 3247 in
483 3199 557 3264 qua
585 3178 712 3244 adhuc
738 3197 776 3246 eo
797 3179 1035 3245 incubuisse
1057 3198 1142 3245 cum
1163 3197 1226 3244 se·

158 3293 256 3355 natu
278 3287 490 3370 Pompeius
511 3285 690 3366 videtur,
705 3287 820 3351 utcet.
851 3283 912 3350 Sed
928 3287 1074 3369 praeterea
1088 3285 1227 3368 suspicor

157 3395 294 3462 aGaelio
316 3395 451 3478 positum
474 3393 587 3459 fnisse:
608 3395 647 3458 in
669 3412 782 3458 unam
805 3409 963 3457 causam
984 3391 1110 3456 omnis
1133 3410 1226 3457 con·

158 3503 295 3568 tentio
317 3499 465 3568 conlecta
486 3501 556 3566 est.
732 3488 735 3493 ’

261 3607 452 3688 lbid.14‚1:
475 3606 584 3672 Nunc
605 3605 709 3670 furit
730 3602 778 3682 (M
798 3601 939 3681 fuerit)
961 3604 1041 3668 tam
1061 3601 1225 3687 gavisos

158 3715 342 3781 homines
370 3732 480 3780 suum
511 3714 687 3779 dolorem
716 3727 911 3794 unumque
938 3727 1048 3775 moue
1069 3707 1226 3774 studio-

158 3823 308 3888 siorem
330 3822 592 3888 antonianum
614 3821 710 3897 (recte
729 3816 896 3883 editionesr
912 3813 1096 3892 Antonii,
1117 3823 1227 3892 nam).

163 3928 212 3994 Sic
234 3927 277 3992 M.
306 3927 335 3993 A
355 3928 502 4011 loquendi
523 3947 583 3994 usn
604 3926 729 3994 omnino
751 3924 894 3990 abhorret
914 3922 1091 4009 gaudere
1113 3921 1226 3988 dolo·

162 4051 241 4100 rem
276 4035 469 4113 alicuius3
514 4035 620 4119 (longe
656 4033 737 4098 alius
771 4032 893 4116 generis
930 4031 1011 4096 esset
1052 4027 1227 4113 gaudere

160 4140 353 4225 gaudium
381 4148 521 4220 suum3)
551 4141 653 4208 cetera
682 4157 775 4223 quam
801 4137 969 4204 infeliciter
990 4153 1087 4218 nuper
1107 4135 1230 4202 tentata

995 4253 1028 4308 11
