3008 4654
291 259 353 322 230
657 258 717 314 Im.
735 259 772 314 Π.
792 259 857 330 Cep.
873 259 905 314 V.

249 457 385 542 petuisse
406 456 549 524 Taciturn
571 455 713 522 subitos
734 455 845 533 Gallis,
875 457 913 520 de
938 454 1049 538 quibus
1075 455 1148 521 solis
1171 454 1320 520 hactenns

248 563 371 642 dixerit,
390 563 433 630 ad
456 563 610 629 Romanos
633 562 677 629 sic
698 562 879 642 transsilire,
908 567 944 628 nt
969 560 1082 628 deinde
1104 559 1321 628 eorundem

248 670 289 736 de
306 668 404 738 Galba
426 669 601 747 subiiceret,
625 689 732 754 neque,
754 669 782 735 si
804 671 842 734 da
865 669 1012 736 Romanis
1033 667 1066 732 in
1088 667 1154 733 loro
1176 668 1230 732 ant
1243 664 1321 730 alibi

250 795 305 859 per·
327 776 434 842 urbem
456 775 566 844 occisis
588 777 742 859 ageretur,
772 776 869 842 ullam
900 775 995 842 luisse
1017 772 1162 857 Capitolii
1187 773 1220 838 et
1240 771 1320 838 arcis

249 881 440 967 appellanda
461 901 595 960 cansam,
617 901 716 965 neque
738 901 848 948 manns
870 883 1041 960 Gallorum,
1067 879 1122 946 sed
1144 879 1265 965 gladios
1288 880 1321 945 et

250 991 315 1055 tela
336 988 562 1054 nominatorum
594 989 737 1055 Tacitum
766 989 871 1056 fuisse.
924 990 1034 1073 Itnqne
1055 988 1118 1054 sori
1140 984 1320 1053 inveniendi

250 1095 374 1160 initium
390 1095 535 1161 Heinsius
558 1093 647 1168 vidit,
670 1114 729 1161 non
749 1097 799 1179 egi
816 1097 853 1161 de
868 1095 952 1162 caede
966 1094 1088 1178 aliquot
1102 1096 1321 1169 Romanorum,

152 1201 155 1206 ’
251 1201 307 1268 sed
329 1203 367 1267 de
389 1201 532 1285 Capitolii
554 1200 695 1284 arcisque
716 1200 935 1284 redemptione,
958 1220 1026 1286 quae
1056 1201 1138 1282 apud
1165 1202 1321 1266 Romanos

249 1325 373 1390 semper
394 1308 426 1373 in
446 1307 593 1372 memoria
607 1308 796 1374 calamitatis
811 1308 939 1374 Gallica
955 1308 1090 1391 primum
1104 1307 1209 1396 locum
1224 1307 1320 1382 tenet,

252 1414 461 1499 detractisque
483 1413 522 1480 nd
544 1432 653 1478 aurum
674 1415 897 1481 conficiendum
917 1413 1106 1496 templorum
1121 1412 1321 1486 ornamentis,

253 1522 311 1588 boc
333 1524 390 1598 est,
415 1521 453 1586 de
475 1519 676 1586 manubiis
700 1520 877 1598 deornm,
900 1539 976 1604 quas
999 1519 1235 1604 hieappellatas
1254 1537 1322 1584 esse

251 1629 320 1711 ipse
342 1629 449 1694 statim
472 1626 692 1692 intellexeram.
727 1626 847 1694 Deinde
869 1629 1006 1712 apparet,
1021 1627 1114 1692 verbo
1137 1631 1323 1692 oreretur·

251 1737 282 1800 in
305 1735 435 1800 relativa
457 1733 610 1800 scnmntia
632 1734 802 1800 necessario
824 1733 1005 1818 respondere
1022 1733 1134 1800 debere
1149 1730 1319 1814 imperfect

252 1844 307 1908 ant
328 1841 623 1924 plusquamperfecti
644 1841 794 1923 temporis
816 1841 952 1907 verbnm.
996 1842 1026 1906 A
1048 1837 1201 1905 sententia
1219 1837 1321 1903 Taciti

252 1964 312 2012 nen
326 1946 417 2031 longe
433 1947 632 2024 aberraverit,
648 1947 700 2032 qni
717 1948 890 2030 scripserit:
908 1983 944 1996 —
962 1966 1095 2013 eornm
1117 1947 1320 2022 oreretur,

254 2054 319 2136 qui
341 2053 463 2137 <dc>
487 2052 695 2137 Capitolio
724 2057 762 2120 et
795 2073 885 2121 arce
914 2055 1088 2120 Romana
1120 2052 1322 2118 manubiis

221 2238 222 2241 Ἴ
253 2159 413 2225 deornm
435 2159 565 2245 depacti
587 2163 719 2228 essent?
763 2161 824 2228 Sed
847 2159 963 2226 residet
984 2159 1147 2242 scrupulus
1162 2161 1193 2223 in
1207 2158 1322 2224 litteris

253 2264 357 2332 satis
391 2267 482 2350 longe
516 2264 744 2334 discedentibus
778 2273 846 2343 (uec
877 2269 981 2332 tamen
1013 2266 1136 2349 longius
1166 2284 1259 2348 quam
1287 2266 1321 2330 in

253 2373 382 2438 aliorum
405 2371 589 2440 emendandi
606 2373 797 2450 conatibus).

354 2479 431 2546 lbid.
467 2479 537 2554 XII,
572 2480 608 2544 1:
645 2480 719 2546 Sed
760 2480 927 2546 maxime
960 2479 1245 2564 ambigebatur
1276 2479 1321 2553 (in

254 2585 417 2671 deligenda
440 2585 562 2652 Claudii
587 2594 692 2664 uxore)
714 2589 821 2654 inter
846 2587 1020 2654 Lolliam
1042 2585 1254 2652 Paulinam
1278 2583 1322 2648 Μ.

253 2693 382 2760 Lollii
415 2692 646 2762 consularis
679 2697 718 2759 et
750 2695 894 2760 Iuliam
924 2692 1192 2778 Agrippinam
1223 2690 1322 2757 Ger·

156 2887 157 2890 Ἴ
255 2799 412 2866 manico
428 2803 606 2884 genitam
623 2802 683 2867 cet.
715 2799 823 2885 Neque
837 2801 997 2867 familiaris
1012 2800 1162 2865 sermonis
1177 2797 1322 2872 brevitas,

255 2925 316 2989 qua
338 2906 503 2972 Caecilia
524 2907 686 2974 Metelli
708 2908 829 2984 dicitur,
858 2908 897 2972 ad
919 2908 997 2972 hanc
1019 2906 1050 2970 in
1073 2905 1223 2970 narrando
1244 2903 1322 2970 certi

254 3011 388 3078 hominis
412 3012 532 3095 plenum
552 3013 793 3097 appellationem
808 3013 995 3093 (Paulina
1017 3013 1060 3078 M.
1084 3011 1213 3078 Lollii
1234 3030 1323 3077 eon·

254 3118 420 3194 sularis)
455 3120 608 3184 transferri
642 3121 706 3186 ullo
738 3121 829 3186 modo
862 3123 974 3202 potest,
1007 3138 1106 3203 neque
1136 3117 1224 3184 facile
1255 3116 1323 3182 haec

254 3224 451 3307 inaequalitas
467 3223 615 3290 orationis
631 3225 719 3332 lepris
745 3225 912 3292 Paulina
929 3228 972 3292 M.
990 3226 1118 3292 Lollii
1135 3231 1173 3291 et
1188 3225 1320 3308 Agrip·

256 3331 350 3413 pina
372 3330 612 3398 Germanico
633 3331 781 3416 genita.
824 3333 874 3400 Ad
898 3335 963 3400 baec
987 3334 1093 3400 mendi
1116 3331 1229 3398 indicia
1253 3350 1323 3396 cnm

254 3436 390 3514 accedat,
414 3437 495 3520 quod
519 3439 670 3506 Paulina
685 3440 781 3518 patris
812 3441 987 3506 consulatus
1017 3439 1135 3505 nullum
1157 3439 1322 3522 vestigium

255 3543 415 3625 reperitur,
440 3548 471 3608 ct
494 3543 575 3627 quod
588 3545 708 3612 Plinius
731 3559 853 3630 quoqne
874 3547 913 3611 H.
929 3547 968 3612 N.
984 3547 1041 3626 IX,
1065 3547 1125 3610 118
1145 3546 1177 3611 in
1193 3545 1323 3611 Paulina

255 3650 303 3714 avi
325 3650 458 3728 tantum,
475 3669 534 3715 nou
550 3653 647 3733 patris
664 3653 857 3720 nobilitatem
874 3654 1039 3738 significat,
1056 3653 1190 3721 dubitari
1205 3653 1322 3736 nequit,

256 3755 328 3837 quin
351 3755 479 3822 Tacitus
500 3757 539 3822 ad
561 3757 640 3824 hanc
661 3760 791 3826 formam
814 3760 987 3844 scripserit:
1017 3759 1190 3826 Lolliam
1221 3758 1323 3823 Pan·

256 3861 377 3926 linem
398 3860 479 3946 (ll.
510 3861 622 3948 Lollio,
652 3864 760 3950 lilio>
782 3867 825 3932 M.
850 3866 975 3933 Lollii
1007 3866 1252 3941 consularis,
1285 3867 1324 3929 et

256 3968 401 4069 lulium
435 3969 700 4054 Agrippinam
736 3972 974 4039 Germanico
1006 3974 1200 4056 genitam,
1237 3973 1323 4054 patre
