3008 4650
579 288 718 344 Ciceronis
737 290 845 344 Orator.
1147 294 1200 356 ’99

172 485 256 551 nulla
279 488 326 550 est
348 483 518 561 dubitatio;
549 487 575 551 si
597 505 633 552 er
653 487 706 552 illo
728 486 889 569 inquam
909 489 1011 570 aptius
1033 489 1150 572 aliquid
1174 508 1242 555 eru·

173 594 240 657 tum
264 591 365 669 fuerit,
388 610 446 656 noo
470 595 653 676 repugnabo.

274 709 449 777 Ibid.163:
472 709 601 776 Verba
624 758 653 774 ..
677 713 848 797 legenda
870 713 963 777 sunt
986 713 1242 794 potissimum

174 818 272 881 bene
294 817 502 894 sonantia,
534 819 601 884 sed
634 838 677 884 ca
709 840 783 885 non
813 820 856 884 ut
885 821 1010 902 poetae
1039 819 1243 901 exquisita

174 924 220 988 ad
242 940 398 1002 sonum,
422 924 490 988 sed
513 927 670 1006 sumpta
693 925 737 989 dc
760 925 904 991 medio:

472 1031 573 1110 ,Qua
595 1033 716 1114 ponto
739 1034 784 1097 ab
806 1033 969 1098 Helles“

175 1137 338 1218 superat
360 1136 513 1201 modum
535 1139 575 1200 at
599 1140 758 1203 auricus
792 1137 858 1223 (alii
881 1138 1016 1205 codices:
1043 1138 1241 1222 tauricos)

174 1243 349 1308 locorum
373 1241 605 1325 splendidis
635 1245 865 1310 nominibus
895 1245 1159 1311 illuminatus
1183 1249 1244 1308 est

175 1368 330 1426 versus,
363 1349 432 1414 sed
462 1353 666 1431 proximus
696 1351 934 1434 inquinatus
958 1353 1018 1419 cet.
1074 1352 1133 1431 Qui
1157 1351 1241 1415 diffi-

174 1457 263 1522 cilem
297 1455 379 1520 hunc
410 1456 510 1522 locum
540 1456 724 1534 tractarunt,
752 1460 832 1522 inter
854 1477 929 1541 quos
952 1463 999 1523 est
1025 1459 1120 1524 etiam
1144 1458 1241 1522 Lach-

175 1581 311 1638 mannus,
346 1582 406 1627 non
440 1549 636 1628 attenderunt
667 1563 699 1627 in
731 1564 815 1627 brevi
848 1565 902 1630 illo
926 1583 1031 1629 versus
1055 1566 1243 1648 fragmento:

175 1669 255 1749 Qua
275 1669 395 1750 ponto
417 1670 462 1735 ab
484 1669 628 1735 Helles
657 1669 735 1733 nihil
765 1670 889 1734 omuino
920 1689 995 1751 esse,
1019 1669 1100 1752 quod
1123 1688 1243 1751 supc-

175 1795 262 1842 rare
285 1775 439 1841 modum
461 1776 523 1840 dici
552 1776 661 1858 possib
693 1776 802 1840 deinde
824 1775 1011 1840 extrinsecus
1033 1777 1192 1841 arcessunt
1215 1778 1246 1840 et

176 1883 322 1948 audacter
342 1881 509 1949 inferciunt
530 1883 686 1965 complura
715 1883 753 1988 ³,d
782 1882 977 1948 efficiendum
1000 1882 1088 1946 illum
1112 1901 1245 1959 versum,

177 1989 216 2053 ad
251 2007 341 2072 quern
384 1990 516 2073 pertinet
558 1989 716 2065 iudicium,
762 1989 844 2072 quod
887 1990 1035 2073 sequitur,
1075 1987 1245 2055 Ciceronis:

177 2093 408 2179 splendidis
440 2100 498 2161 oet.
557 2095 644 2174 Quod
681 2096 857 2179 requiritur,
895 2097 971 2160 lutet
1007 2097 1037 2160 in
1071 2096 1149 2178 ipsis
1181 2094 1245 2160 illis

177 2203 286 2268 verbis.
330 2201 487 2285 Scriptum
510 2202 592 2268 enim
615 2203 717 2267 luerat
738 2203 776 2266 ad
800 2203 881 2268 bunc
904 2203 1045 2268 modum:

280 2307 380 2388 ,Qua
416 2311 537 2392 ponto
577 2310 622 2375 ab
659 2309 799 2374 Helles
834 2310 1000 2392 superat
1034 2305 1178 2374 'lmolurn
1213 2307 1248 2373 ct

1082 2412 1245 2480 Taurios.“

180 2523 372 2588 Locorum
416 2521 651 2605 splendidis
695 2521 925 2586 nominibus
967 2521 1024 2587 cet.
1101 2519 1246 2599 Apparet,

179 2649 269 2714 quam
307 2631 377 2710 apte
413 2627 486 2693 huic
528 2629 724 2693 continuetur
765 2628 919 2710 proximus
959 2643 1083 2691 versus:
1128 2623 1246 2697 finis,

181 2736 381 2819 frugifera
403 2739 460 2801 cet.
495 2734 595 2812 (Nihil
618 2734 730 2810 obstat,
754 2734 835 2817 quod
858 2733 937 2798 alius
961 2749 1080 2814 quoque
1103 2729 1247 2811 antiquus

180 2844 270 2924 pocta
297 2841 378 2924 apud
408 2841 478 2906 Seu.
510 2841 564 2922 Ep.
587 2842 676 2910 80.7
710 2836 826 2922 ponto
858 2840 904 2905 ab
939 2838 1081 2902 Helles
1111 2835 1187 2900 dixit
1215 2835 1247 2898 in

182 2947 364 3013 definiendis
387 2946 514 3012 Graeoiae
536 2946 670 3024 finibus.)

281 3054 361 3119 Ibid.
387 3053 460 3118 183:
495 3072 621 3135 noque
654 3053 758 3116 enim
791 3053 878 3134 ipse
911 3069 1052 3117 versus
1085 3047 1249 3114 rationo

182 3163 245 3226 est
278 3160 485 3244 cognitus,
519 3160 588 3226 scd
620 3165 766 3224 natura
802 3160 923 3242 atque
960 3174 1097 3233 sensu,
1134 3171 1249 3236 quem

183 3269 363 3332 dimensa
385 3267 489 3332 ratio
512 3265 660 3344 docuit,
684 3267 781 3348 quid
804 3263 1017 3330 acciderit.
1045 3260 1248 3327 Scribendum

183 3393 249 3439 esse
272 3372 444 3447 accideret,
467 3373 557 3456 periti
580 3372 729 3436 admoniti
751 3367 939 3453 intelligent,
960 3366 1098 3449 imperiti
1120 3364 1250 3429 docendi

182 3498 243 3545 nou
266 3482 346 3545 sunt,
841 3525 843 3530 -

284 3585 363 3650 Ibid.
397 3585 477 3649 221:
514 3586 551 3648 in
589 3587 695 3648 veris
732 3582 866 3648 causis
903 3582 971 3643 aut
1006 3572 1250 3641 forensibus.

183 3691 254 3757 Non
284 3690 421 3756 deleudae
451 3691 538 3755 erant
568 3689 636 3754 duae
662 3693 821 3773 postrema
844 3704 941 3759 voces,
964 3683 1017 3748 scd
1040 3680 1251 3746 scribendum:

183 3817 222 3866 ac
243 3798 484 3863 forensibus.
528 3796 722 3876 [Schuefzius
745 3798 806 3872 et]
857 3873 858 3878 ἵ

285 3903 361 3970 lbid.
385 3901 461 3968 230:
495 3901 593 3967 Sunt
617 3901 756 3984 etiam,
782 3899 849 3984 qui
975 3889 1252 3978 infringendis
1353 3899 1356 3906 ’

186 4009 533 4090 concidendisque
561 4012 736 4072 numeris
762 4005 799 4069 in
824 4002 1018 4088 quoddam
1040 4016 1164 4084 genus
1185 3997 1253 4062 ab·

185 4119 336 4182 iactum
372 4114 557 4179 incidant
590 4113 817 4178 Siculorum
849 4106 1111 4174 simillimum.
1166 4103 1252 4168 Ferri

1020 4217 1054 4276 ἵ*

749 4339 757 4399 ’ἐ
766 4361 848 4442 »ΙΩΧῈΜ
860 4392 878 4410 ·.

757 4463 758 4466 Ἴ
784 4463 851 4518 'sslf'
