3008 4654
536 292 693 348 Ammianus
711 291 899 348 Marcellinus.
1150 291 1210 354 267

286 489 367 554 Ibid.
402 490 420 574 ᾗ
454 490 511 555 7οε
557 491 629 556 His
672 489 773 556 locis
808 490 1118 574 Paropanisadae
1161 488 1255 554 sunt

181 595 371 678 proximi,
415 595 536 662 Indos
579 596 624 660 ab
668 596 826 662 oriente
862 598 1163 680 Caucasumque
1207 596 1252 661 ab

179 700 442 767 occidentali
469 702 600 767 latere
631 704 960 785 prospectantes,
988 703 1070 786 ipsi
1098 719 1252 786 quoqne

122 793 125 798 ⁵
184 809 380 873 montium
404 806 638 876 defectibus
658 808 859 875 inclinati
880 810 938 875 cet.
981 808 1050 875 Non
1069 807 1253 874 deficiebant

184 914 315 993 montes,
343 912 397 978 sed
425 913 458 978 in
486 914 649 997 praeruptis
676 915 825 982 lateribus
847 919 879 982 ot
900 915 1077 983 deiectibus
1099 913 1253 980 montium

181 1019 390 1085 habitabatur.

285 1137 365 1204 Ibid.
389 1139 406 1222 ἕ
429 1138 486 1204 80:
519 1158 589 1205 neo
610 1139 869 1206 ministranti
891 1140 992 1224 apud
1016 1159 1082 1206 eos
1104 1139 1253 1205 famulo

182 1263 407 1328 mensaeque
443 1246 600 1313 astanti
638 1245 800 1313 hiscere
835 1249 896 1313 val
928 1245 1042 1330 loqui
1071 1243 1254 1312 licetrel

187 1369 349 1434 spnere;
381 1354 440 1418 ita
470 1351 695 1435 prostratis
728 1353 910 1435 pellibus
938 1352 1053 1418 labra
1080 1353 1250 1418 omnium

183 1458 431 1524 vinciuntur.
487 1458 617 1524 Videtur
647 1458 760 1524 fuisse:
794 1460 853 1525 ita
874 1459 1051 1544 pensaretis
1074 1458 1253 1542 pellibus

180 1567 233 1644 (ut
254 1563 396 1648 spiritum
421 1565 532 1630 ducere
554 1566 735 1630 nontamen
759 1565 844 1649 loqui
866 1567 921 1630 aut
944 1584 1053 1648 spuere
1076 1565 1217 1646 possint).

285 1718 352 1783 Lib.
375 1717 489 1794 XXIV,
512 1717 540 1794 1,
564 1721 599 1781 4:
634 1715 823 1783 Sarcinas
847 1736 937 1782 vero
960 1720 1000 1782 et
1021 1719 1188 1783 calones
1211 1762 1251 1780 ..

182 1824 654 1906 impedimentorumque
678 1841 802 1908 genus
831 1842 942 1888 omne
964 1823 1072 1889 inter
1094 1825 1253 1888 utrum·

140 1929 146 1940 '
181 1947 257 2014 que
281 1929 390 1995 latus
412 1929 605 1996 instituit
626 1928 935 2013 procedentium
951 1929 1189 2009 ordinatim,
1207 1947 1252 1995 ne

183 2054 259 2121 qna
290 2037 326 2101 vi
359 2037 495 2102 subita
528 2039 770 2121 raperentur
791 2037 848 2102 cet.
901 2035 1120 2101 scribendum:
1143 2036 1253 2102 inter

181 2145 398 2228 utrumqne
419 2143 531 2210 latus
554 2142 750 2210 instituit
770 2141 1078 2224 procedentium
1095 2141 1251 2211 ordinari.

183 2249 326 2315 institnit
357 2251 508 2330 Iulianus,
540 2252 575 2316 nt
607 2250 734 2316 sarcinae
766 2250 799 2313 et
829 2248 1052 2330 impedimenta
1079 2252 1162 2316 corto
1184 2249 1251 2316 loco

179 2355 406 2435 ordinarentur,
429 2377 489 2424 uon
512 2356 737 2439 impedimenta
758 2354 904 2422 instituit.

284 2485 363 2551 ibid.
387 2484 416 2562 2,
438 2487 474 2551 4:
508 2485 659 2551 Surena
692 2485 783 2567 post
815 2502 947 2566 regom
976 2485 1078 2568 apud
1106 2485 1252 2550 Persas

182 2593 412 2675 promeritae
443 2590 676 2676 diguitatis.
731 2590 854 2668 Vereor,
888 2608 926 2655 ne
959 2589 1108 2672 scriptum
1141 2591 1250 2655 inerit:

182 2701 338 2784 promota
370 2698 409 2764 di
417 2698 614 2783 gnitatis,
647 2697 704 2762 hoo
736 2697 795 2772 est,
825 2697 1002 2762 excellentis
1023 2697 1056 2762 et
1077 2697 1250 2763 eminentis.

185 2804 305 2870 Merite
339 2804 501 2890 dignitatis
534 2804 651 2872 mentio
684 2802 764 2868 nihil
794 2799 834 2866 ad
862 2821 925 2890 rem
949 2803 1093 2886 pertinet.
1147 2801 1252 2868 Minus

182 2911 342 2992 probabile
365 2914 412 2978 est
432 2912 629 2994 prorirnae.
1110 2912 1114 2918 '

286 3039 363 3105 Ibid.
377 3042 407 3118 4,
420 3038 478 3104 20:
500 3039 617 3105 Nihil
640 3040 743 3104 enirn
765 3056 949 3121 asperum
969 3038 1029 3102 ira
1052 3038 1091 3102 et
1112 3037 1252 3104 dolore

181 3164 376 3212 succenso
408 3146 541 3211 militi
571 3146 806 3224 ridebatur,
840 3144 943 3211 nihii
976 3143 1252 3210 munitoribus

169 3255 271 3318 erat
312 3270 381 3334 pro
424 3254 558 3318 salute
594 3251 856 3318 currentibus
893 3251 1147 3316 metuendum
1184 3252 1252 3315 aut

183 3358 320 3424 dirum.
355 3356 557 3424 scribendum
569 3357 848 3424 concurrentibus.
876 3356 944 3423 Non
957 3357 1185 3440 currebantpro
1201 3377 1252 3424 sa·

183 3465 250 3530 luta
264 3464 442 3543 munitores,
464 3464 519 3530 sed
538 3464 760 3531 concurrebant
781 3471 863 3540 (cunr
876 3463 1028 3539 hostibus)
1040 3465 1072 3528 et
1083 3465 1251 3530 certabant.

284 3581 363 3648 ibid.
392 3583 422 3660 6,
451 3582 505 3647 12:
538 3582 648 3660 (aciem
686 3581 863 3658 Persarum)
903 3581 1080 3665 adusque
1119 3581 1252 3647 Ctesi-

182 3688 350 3772 phontis
393 3707 524 3754 muros
561 3689 647 3773 egit
678 3687 947 3772 praeoipitem,
992 3688 1251 3754 adversorum

182 3797 338 3862 seriens
367 3811 481 3861 suras
512 3795 551 3860 et
576 3798 701 3879 terga.
746 3793 831 3859 Surae
853 3794 885 3857 et
905 3794 995 3877 terga
1019 3794 1169 3860 feriuntur
1190 3812 1252 3861 non

182 3903 462 3981 adversorum,
485 3901 541 3966 hoe
563 3904 619 3979 est,
650 3901 703 3984 qni
724 3899 844 3964 adversi
866 3900 953 3965 stant
974 3903 1006 3965 et
1027 3898 1176 3982 impetum
1200 3919 1251 3966 er-

182 4009 301 4093 cipiunt
323 4017 376 4086 (—
391 4024 462 4073 nam
485 4006 539 4073 alii
561 4009 634 4073 sunt
655 4006 884 4071 adversarii
899 4012 963 4082 -),
983 4005 1038 4070 sed
1052 4023 1250 4088 aversorum,

182 4118 242 4182 hoc
275 4117 332 4194 est,
364 4115 453 4198 terga
484 4113 740 4198 persequentibus
763 4111 998 4178 obvertentium.
1051 4112 1139 4179 idem
1160 4133 1252 4200 snpra
