3008 4654
504 301 662 356 Ammianus
680 259 868 356 Marcelliuus.
890 315 910 344 v
1116 293 1177 364 ⁸253

151 496 300 573 mittit,
336 498 519 580 arripere
556 499 676 565 debet
708 499 908 565 alacriter
941 498 1117 564 secunda
1149 517 1220 564 nu-

152 601 275 668 minis
307 602 522 669 voluntate
556 605 703 670 delata.
758 604 810 670 Sic
839 603 958 670 codices
987 605 1167 683 (Vaticanus
1190 607 1222 670 et

156 708 322 787 Petrinus).
355 709 391 774 In
407 710 558 791 corruptis
573 709 689 777 litteris
713 711 800 776 dum
823 711 956 794 cquis,
980 712 1122 794 equibus
1134 709 1221 787 nihil,

157 813 240 898 quod
260 814 382 897 probari
404 821 517 899 posset,
546 817 677 886 editores
699 817 872 896 effecerunt,
894 817 972 884 latet
993 817 1222 883 substantivum

157 941 226 988 cum
260 922 493 988 officiorum
527 924 560 990 et
591 923 774 990 omnibus
808 926 1014 990 coniunctum.
1066 922 1223 1006 Scriptum

154 1027 272 1094 fueratr
305 1028 538 1094 officiorum
573 1028 710 1097 dumetis
742 1030 935 1096 omnibus.
990 1029 1224 1096 Officiummet
1274 1097 1278 1104 ,

156 1153 298 1200 curarum
319 1134 509 1217 multiplices
531 1139 562 1202 et
582 1137 741 1219 perplexos
763 1156 870 1203 cursus
892 1155 963 1203 cnm
986 1136 1121 1202 dumetis
1145 1140 1222 1202 Aru·

158 1241 277 1306 mianus
300 1241 458 1324 comparat
478 1261 603 1324 prorsus
625 1261 642 1308 e
664 1261 719 1308 sua
749 1243 971 1310 consuetudine
993 1245 1069 1308 dura
1093 1244 1125 1308 et
1147 1243 1224 1308 arti·

157 1347 261 1418 ficiosa
292 1349 429 1434 imagine
458 1353 557 1414 utens.
612 1349 743 1426 Deinde,
776 1351 829 1415 ubi
861 1354 931 1432 pust
964 1349 1085 1416 litteras
1118 1351 1225 1415 ratio

156 1456 266 1521 lacuna
298 1457 354 1532 est,
389 1454 495 1520 subest
526 1454 696 1523 infinitivus
728 1455 918 1524 ratiocinari
940 1456 1059 1534 (nihil
1081 1476 1156 1522 non
1179 1455 1225 1521 ad

158 1562 218 1628 sui
241 1563 428 1644 spectare
450 1562 622 1628 tutelam
643 1563 888 1628 ratiocinari
914 1601 955 1610 —
978 1569 1017 1628 et
1047 1561 1226 1628 remedia

158 1669 302 1733 cuncta
438 1669 620 1750 arripere
653 1669 802 1747 debet);
825 1669 899 1753 quid
928 1673 1076 1751 praeterea
1105 1667 1145 1733 ad
1175 1686 1226 1733 ex·

159 1764 307 1856 piendum
327 1774 499 1842 litterarum
523 1777 658 1861 spatium
687 1776 820 1858 suppleri
850 1775 971 1853 debeat,
995 1777 1145 1841 incertum
1168 1775 1225 1840 est.

160 1881 336 1967 Sequuntur
356 1883 461 1964 paucis
483 1881 653 1950 interiectis
676 1886 695 1966 ᾗ
714 1882 753 1946 13
775 1883 806 1947 in
829 1881 986 1948 codicibus
1007 1882 1088 1948 hac:
1111 1881 1227 1946 Veri-

159 1987 262 2053 tatis
288 1989 390 2054 enim
414 1989 615 2056 absolimo
636 2007 792 2071 semper
814 1990 855 2055 at
875 2007 943 2071 per
965 1991 1029 2055 est
1050 1987 1228 2071 simplex,

160 2113 229 2177 quae
251 2101 283 2160 et
305 2095 380 2162 olim
403 2097 505 2164 minus
526 2097 604 2166 bene
630 2097 750 2162 tentata
772 2099 803 2161 et
825 2115 922 2178 nuper
943 2095 1111 2162 infeliciter
1131 2093 1229 2160 liceu-

161 2208 269 2287 terque
290 2205 373 2268 sunt.
427 2204 452 2268 ll
483 2201 638 2288 vestigiis
654 2204 830 2270 litterarum
853 2203 1000 2269 efficitur:
1024 2200 1228 2268 Veritatis

162 2310 264 2374 euim
287 2309 448 2378 absolutio
470 2329 627 2395 semper
648 2311 768 2395 aperta
791 2314 851 2376 est
873 2310 989 2392 <et>
1012 2308 1194 2389 simplex.

264 2451 330 2517 Lib.
353 2450 422 2525 XV,
446 2453 474 2528 5,
499 2453 517 2514 5
546 2453 579 2517 in
612 2451 679 2517 loco
711 2453 823 2516 misere
852 2452 993 2531 corrupto
1021 2451 1051 2512 et
1084 2448 1229 2512 lacunoso

162 2558 219 2624 hoc
241 2561 361 2624 tantum
383 2559 541 2643 perspicio,
565 2577 600 2624 er
624 2559 673 2624 his
695 2558 825 2623 litteris:
849 2553 1090 2640 imperatori
1112 2551 1232 2618 arido

163 2665 343 2734 serutari
371 2665 451 2730 hoe
479 2671 518 2732 et
547 2665 705 2730 similia
734 2663 896 2730 censuit
924 2657 1123 2726 efficiendum
1145 2675 1232 2724 esse:

164 2773 402 2855 imperatori
430 2773 523 2840 avide
551 2772 730 2838 scrutari
757 2771 838 2836 hac
859 2771 898 2835 et
920 2765 1077 2832 similia
1098 2781 1233 2831 consuo·

165 2883 249 2956 tum;
272 2899 344 2945 uam
365 2879 509 2946 aridus
531 2877 769 2944 scrutarius
791 2874 975 2942 Ammianus
997 2870 1123 2954 quidem
1146 2870 1233 2934 dixit.

166 2987 275 3052 Cetera
296 3005 357 3052 non
379 2987 508 3071 attingo.
1269 2969 1272 2976 ¹

267 3140 345 3206 ibid.
364 3143 384 3222 ἓ
402 3140 458 3204 12:
474 3141 628 3223 Hisque
650 3137 832 3222 cognitis
851 3131 1003 3201 statuit
1020 3131 1237 3212 imperator

169 3247 493 3330 dispicientibus
537 3244 855 3312 consistorianis
901 3243 939 3305 ct
981 3235 1236 3304 militaribus

168 3354 375 3432 uniuersis
398 3355 436 3420 in
459 3355 664 3437 negotiu-ru
687 3343 1008 3434 praterinquiri.
1064 3341 1238 3425 Cumque

169 3461 326 3528 iudices
348 3458 635 3536 fastidissent,
662 3454 902 3522 Florentius
924 3449 1162 3534 Nigriniani
1184 3446 1237 3511 fi-

168 3567 250 3648 lius
273 3615 280 3631 .
304 3613 312 3630 .
335 3614 343 3630 .
366 3613 374 3630 .
396 3564 775 3636 animadvertitcet.
818 3558 907 3640 Quod
932 3557 990 3623 boc
1011 3557 1053 3621 sit
1075 3553 1236 3619 fastidium

108 3651 110 3656 ⁵
169 3673 316 3754 iudicum,
352 3692 443 3739 nemo
479 3671 674 3738 intellexerit.
734 3664 927 3734 Narrationis
963 3665 1052 3731 tenor
1086 3661 1240 3726 monstrat

170 3780 366 3848 scribendum
388 3799 472 3846 esse:
506 3778 678 3862 Cumque
709 3773 867 3840 iudices
889 3769 1088 3838 assedisseut
1110 3767 1163 3844 (ad
1186 3785 1240 3831 ue·

172 3889 292 3974 gotium
313 3887 552 3973 inquirendum).

252 3997 352 4096 'run
385 4029 415 4108 a,
449 4027 488 4090 12
522 4027 567 4105 (in
604 4025 741 4092 orauere
773 4017 946 4088 conscenso
982 4015 1021 4082 au
1056 4015 1242 4090 surranum:

175 4138 305 4202 Aucta
325 4135 459 4222 gloria
487 4152 570 4198 mee
598 4129 819 4206 confiteor,
854 4125 922 4209 qui
950 4124 1087 4189 'iustus
1110 4122 1148 4185 in
1173 4119 1241 4184 de-
