3008 4650
555 306 695 362 Ciceronis
713 307 860 364 orationes.
1138 309 1196 373 117

170 505 296 588 spiceus
317 505 569 572 manifestissime
591 506 752 588 exponitur
773 507 964 590 paragrapho
986 508 1124 590 sequenti
1147 507 1185 573 de
1199 511 1237 574 A.

170 609 314 676 Valentio
336 614 368 678 et
390 607 608 695 Liparensibus
630 615 662 677 et
682 612 793 678 deinde
816 613 924 678 multis
946 612 1031 680 locis.
1064 613 1124 693 Qui
1146 615 1238 680 tan·

169 717 333 783 tundam
363 720 562 804 scripserunt,
592 718 762 785 debuerunt
791 718 884 785 simul
914 719 944 784 in
966 719 1015 785 his
1036 719 1147 798 uerbis,
1170 739 1238 803 quaa

170 824 423 907 praescripsimus,
457 831 654 910 qnantum
686 825 831 904 scribere,
865 845 925 892 non
958 826 1114 911 quanti,
1144 827 1179 891 nt
1205 825 1236 891 in
1344 839 1373 904 j

170 949 271 996 errore
293 930 354 997 sibi
376 934 563 999 constarent.

270 1071 347 1138 lbid.
371 1075 429 1140 85:
465 1075 607 1159 ltaque
638 1074 704 1158 qui
731 1074 795 1139 tot
824 1073 940 1140 annis
969 1075 1125 1159 agellos
1145 1093 1237 1141 suos

170 1182 208 1243 te
238 1181 407 1263 praetore
436 1182 682 1246 redimeres
711 1179 860 1264 piratis
887 1179 1092 1255 solebant,
1114 1180 1236 1246 iidem

168 1305 208 1352 sa
230 1288 340 1370 ipsos
364 1288 432 1354 abs
455 1291 493 1352 te
515 1287 649 1371 pretio
671 1286 863 1370 imposito
884 1277 1150 1354 redemerunt.
1175 1288 1237 1353 De·

169 1395 406 1460 monstrativum
441 1394 503 1458 tot
535 1412 643 1478 neque,
667 1412 726 1476 quo
749 1393 907 1470 referatur,
937 1393 1030 1458 habet
1052 1412 1108 1460 nec
1129 1397 1235 1478 aptum

169 1502 217 1564 est
252 1501 291 1564 ad
325 1500 423 1566 trium
459 1518 609 1566 annorum
645 1498 790 1582 spatium.
848 1498 1049 1566 scribendum
1087 1501 1135 1565 est
1171 1502 1236 1583 qui

168 1607 352 1692 quotannis.
403 1608 529 1674 Annua
563 1607 663 1691 pactio
701 1624 771 1672 oum
810 1605 920 1688 piratis
956 1607 1038 1672 iacta
1076 1607 1235 1690 aptissime

168 1713 367 1797 significatur.
1240 1717 1242 1723 '

268 1855 347 1923 lbid.
379 1855 439 1918 118
469 1852 568 1920 oratio
600 1853 645 1919 sic
676 1853 923 1937 interpungenda
954 1857 1017 1919 est:
1051 1853 1237 1918 Nummos

169 1963 294 2028 dabat
315 1964 461 2028 arator.
505 1960 706 2040 Quomodo
723 1963 803 2024 ‘aut
831 1959 956 2026 nude?
1003 1959 1076 2039 Qui
1097 1959 1131 2024 si
1153 1959 1237 2024 lar-

168 2069 363 2153 gissimus
386 2087 473 2134 asse
495 2067 641 2142 vellet,
665 2056 1237 2132 cumulatioremeusurante-

168 2179 298 2255 retur,
334 2178 378 2241 ut
412 2176 532 2240 antea
561 2219 694 2237 .....
724 2174 934 2248 venibant,
969 2173 1004 2239 is
1040 2191 1234 2239 nummum

169 2283 298 2350 dabat.
343 2283 474 2348 Unde?
545 2295 547 2300 '

147 2493 151 2504 .
269 2434 349 2501 ibid.
375 2437 450 2499 134:
484 2438 525 2501 tu
547 2434 782 2518 Apronium,
813 2435 1007 2500 hominem
1037 2435 1102 2500 vir
1129 2432 1236 2500 libe·

169 2563 267 2618 rum,
291 2543 611 2609 contaminatum
634 2586 841 2618 ........
864 2547 948 2606 eum
971 2541 1009 2605 in
1032 2543 1145 2606 tanto
1167 2541 1235 2605 tuo

169 2651 366 2715 dedecore
402 2651 585 2733 profecto
621 2666 666 2712 ue
702 2631 820 2712 verbo
858 2647 1014 2730 quidem
1048 2646 1235 2732 grauiore

168 2754 445 2838 appellasses,
468 2774 593 2839 noque
628 2755 730 2838 apud
762 2756 801 2820 te
823 2759 900 2820 tam
924 2753 1065 2818 sancta
1086 2752 1235 2836 religio

168 2861 389 2928 societatis
411 2861 580 2937 fnisset,
602 2865 645 2927 ut
667 2905 779 2938 .....
800 2859 882 2926 nisi
902 2878 982 2925 rem
1003 2862 1080 2924 tam
1104 2861 1235 2925 notam

168 2987 256 3034 esse
284 2969 468 3035 omnibus
491 2973 529 3034 et
550 2970 629 3033 tam
651 2967 911 3033 manifestam
934 2965 1104 3031 videres.
1137 2961 1235 3030 Mani·

169 3076 281 3140 testum
303 3075 352 3140 est
373 3075 431 3142 boc
452 3075 524 3155 diei,
548 3075 683 3154 Verrem,
706 3074 766 3140 nisi
788 3093 852 3141 rem
876 3072 1020 3140 omnibus
1037 3073 1143 3138 notam
1168 3091 1235 3137 esse

168 3179 297 3259 videret,
328 3183 464 3264 profecto
494 3200 558 3247 suae
592 3179 825 3247 existimationis
850 3181 1066 3246 conservandae
1088 3199 1182 3246 causa
1202 3179 1235 3245 in

170 3287 342 3369 Apronium
373 3287 667 3366 animadversurum,
701 3288 814 3354 saltem
846 3286 982 3373 grauiter
1011 3306 1089 3362 eum,
1103 3286 1235 3370 increpi-

168 3399 273 3458 turum
295 3394 400 3460 inissa.
449 3395 554 3478 Atqui,
577 3397 613 3460 ut
634 3413 715 3460 nunc
736 3395 889 3471 scribitur,
918 3394 1023 3475 aperte
1047 3393 1232 3458 sonnatium

169 3499 292 3577 dieitur,
314 3500 441 3566 Verrem
462 3520 501 3566 na
523 3500 608 3585 gravi
631 3500 755 3584 quidem
777 3501 869 3567 verbo
887 3498 1113 3583 appellaturum
1129 3497 1234 3564 luisse.
1264 3501 1270 3520 ’

169 3605 276 3671 Cicero
298 3606 481 3690 scripserat:
504 3607 688 3691 profecto
704 3609 910 3690 <uon>ne
931 3606 1053 3672 verbo
1076 3604 1232 3686 quidem

169 3714 355 3796 graviore
377 3713 634 3798 appellasses
651 3713 798 3790 (bocestr
821 3713 1109 3796 profectonontam
1125 3710 1235 3776 leniter
1350 3724 1354 3731 ·

168 3820 345 3896 tractasses,
367 3826 402 3886 ut
422 3838 460 3886 na
482 3821 574 3887 verbo
597 3821 720 3905 quidem
742 3821 880 3905 graviore
901 3818 1234 3904 appellares),neque

168 3926 271 4008 apud
295 3929 333 3990 te
355 3930 434 3993 tam
455 3931 596 3993 sancta
616 3927 767 4013 religio
786 3926 993 4020 societatis
1008 3925 1233 3991 fnissetcet.

167 4031 237 4098 Non
260 4032 425 4113 intellecta¹
439 4034 584 4121 orationis
603 4027 711 4111 forma,
730 4032 763 4098 iu
778 4052 848 4118 qua,
864 4033 945 4116 quod
960 4033 1099 4117 negando
1113 4030 1235 4098 tollitur

169 4141 280 4223 (uon),
302 4140 404 4222 ipsum
424 4141 565 4224 negative
588 4140 713 4206 effertur
727 4140 839 4224 (ne—
852 4140 1036 4222 quidem),
1057 4137 1235 4224 principalis
