2974 4660
313 315 353 376 22
372 370 375 380 .
684 316 744 370 Lib.
762 316 784 371 1.
805 319 870 386 cap.
889 317 925 372 IL

270 539 307 582 σε
329 513 576 594 pellemini
599 512 693 598 σφίσι
715 517 973 601 ναυπηγέεσθαι
997 515 1086 589 νέας,
1108 515 1229 598 λαβεῖν
1250 505 1336 598 α’ρά-

269 645 370 705 μενσι
414 612 555 692 Λυδσάς
597 627 634 685 ἐν
670 613 852 709 θαλάσσῃ),
901 621 933 685 in
969 637 1039 702 quo,
1076 637 1263 703 quamquam
1297 617 1335 684 ad
1469 655 1470 682 1

272 745 343 792 eum
363 727 455 792 certae
483 727 645 792 sententiae
669 732 723 793 aut
748 729 861 794 saltem
891 725 1168 793 consimilitudinis
1197 724 1335 810 gradum,

270 851 362 916 quem
394 833 483 916 sequi
515 833 612 910 soleo,
643 837 801 916 pervenire
834 852 892 898 non
926 850 1063 916 possum,
1096 837 1200 897 tamen
1222 830 1337 914 primas

272 938 496 1005 emendationis
517 937 615 1004 lineas
637 939 792 1006 ducendas
814 959 850 1006 eo
873 938 974 1024 magis
999 939 1114 1022 putem,
1137 939 1219 1023 quod
1241 955 1338 1020 nuper
1470 943 1471 978 l

271 1043 413 1127 imperite
435 1043 474 1110 de
496 1044 679 1110 necessitate
701 1046 762 1112 loci
785 1046 966 1113 emendandi
989 1045 1167 1112 dubitatum
1185 1049 1218 1110 et
1231 1049 1339 1111 contra

273 1150 466 1233 disputatum
488 1151 545 1216 est.
588 1151 669 1216 Nam
691 1153 745 1235 qui
766 1172 873 1219 omnes
894 1152 1097 1219 difficultates
1118 1149 1338 1236 grammaticas

274 1255 363 1322 facile
396 1255 570 1340 expediunt,
605 1257 697 1341 quod,
720 1258 795 1342 quid
823 1262 941 1344 agatur,
964 1278 1024 1325 nou
1047 1259 1194 1332 sentiunt,
1216 1257 1338 1340 qualem

273 1360 367 1426 etiam
402 1361 577 1428 Herodotus
608 1365 756 1429 editorem
794 1369 827 1430 et
863 1366 1070 1433 enarraturum
1108 1364 1166 1430 hoo
1201 1365 1339 1444 tempore

273 1467 391 1547 babuit,
425 1474 550 1535 narrant
581 1475 652 1552 post
682 1471 894 1556 interpositam
927 1473 1113 1538 sententiam
1138 1467 1339 1552 temporalem
1471 1459 1472 1532 3

274 1592 333 1638 nou
354 1591 427 1639 eane
448 1575 574 1660 longam
594 1595 691 1658 neque
713 1578 895 1659 impeditam
917 1579 957 1643 ad
976 1577 1173 1644 intellectum
1189 1575 1341 1640 adiuran-

273 1677 347 1742 dum
369 1699 422 1764 pro
443 1677 605 1767 εὔχεσθαι
628 1683 768 1748 additum
793 1701 860 1748 esse
882 1685 967 1750 aliud
987 1684 1129 1758 rerbum;
1152 1681 1340 1749 obliviscun-

273 1791 324 1850 tur
345 1788 518 1853 necessario
540 1787 716 1869 ponendum
736 1789 832 1855 fuisse
847 1785 1011 1876 α’ρᾶσθαι,
1039 1791 1119 1867 quod
1134 1789 1229 1854 etiam
1244 1788 1341 1853 inter·
1472 1861 1473 1868 γ

273 1891 461 1974 potatoribus
494 1894 680 1976 quibusdam
708 1897 851 1962 codicum
879 1897 1071 1962 iumentum
1094 1895 1187 1972 veuit
1221 1893 1342 1965 deinde.

274 2003 311 2063 ut
331 1997 490 2078 toleretur,
513 2001 594 2083 quod
615 2001 740 2067 tolerari
769 2004 853 2068 nullo
882 2003 971 2069 modo
993 2007 1105 2084 potest,
1133 2000 1342 2083 participium,

273 2104 387 2168 saltem
410 2107 617 2172 accusativum
641 2109 817 2189 ponendum
838 2108 943 2182 fuisse,
967 2109 1190 2174 nominativum
1212 2126 1249 2172 ne
1270 2125 1343 2170 um-

274 2211 361 2275 bram
394 2211 519 2294 quidem
550 2212 736 2278 defensionis
770 2213 891 2279 babere.
955 2215 1111 2300 (Artificia
1147 2215 1212 2279 haec
1245 2212 1340 2278 etiam
1473 2259 1474 2280 r

274 2317 435 2404 Krbgerus
463 2320 723 2400 commemorauit,
753 2322 818 2397 sed,
845 2325 879 2388 ut
901 2322 1059 2388 bominem
1080 2319 1263 2402 prudentem
1287 2319 1344 2382 de·

275 2425 372 2504 oebat,
384 2425 475 2507 plane
487 2425 655 2504 diffidens.)
688 2427 722 2490 ln
738 2427 951 2494 emendatione
966 2427 1116 2496 tentanda
1131 2429 1191 2492 duo
1206 2424 1342 2491 tenenda

275 2533 356 2610 snut,
378 2532 511 2614 primum
534 2532 611 2598 nibil
632 2534 713 2599 effici
736 2534 855 2607 debere,
870 2532 951 2617 quod
966 2550 1026 2598 uon
1040 2533 1112 2614 apte
1128 2530 1343 2616 interponatur

274 2637 357 2704 inter
379 2641 498 2724 λαβεῖν
520 2640 552 2704 et
573 2639 714 2714 Λυδούς
737 2647 774 2705 ἐν
795 2634 956 2728 θαλάσσῃ
989 2641 1021 2704 et
1053 2637 1093 2704 ad
1125 2637 1264 2703 eiusdem
1295 2636 1342 2700 rei
1474 2681 1475 2698 λ

274 2748 430 2812 notionem
464 2748 625 2828 pertineat,
660 2747 772 2812 deiude
805 2749 898 2826 verbi,
935 2746 1019 2829 quod
1055 2764 1135 2810 nune
1169 2738 1341 2830 (ἐρώμενοι
1474 2745 1475 2814 l

275 2855 429 2933 scribitur,
451 2854 621 2936 postremas
643 2855 763 2920 litteras
792 2855 878 2919 nullo
907 2853 997 2919 modo
1020 2871 1055 2916 eu
1079 2848 1248 2916 accusativi
1270 2853 1345 2914 uota

275 2959 351 3024 oriri
373 2956 519 3041 potuisse.
566 2959 667 3024 ldulta
688 2958 764 3024 mihi
785 2960 907 3026 conanti
922 2958 1055 3024 maxime
1071 2957 1228 3040 probabile
1243 2958 1342 3020 visum
1474 2965 1475 2970 ’

277 3065 333 3144 eet,
347 3065 531 3148 separandas
545 3083 611 3130 esse
625 3066 745 3131 litteras
761 3066 792 3130 in
811 3085 908 3130 unum
923 3065 1069 3130 conflatas
1086 3063 1344 3146 scribendumque

277 3191 361 3239 else:
383 3175 505 3258 λαβεῖν
527 3165 600 3256 ἄρ’,
617 3163 642 3237 ά
657 3180 707 3238 θα
718 3198 735 3237 o
746 3174 757 3234 ι’
766 3219 775 3245 ,
799 3168 940 3246 Λυδσάς
954 3177 991 3237 ἐν
1008 3165 1174 3259 θαλάσσῃ.
1212 3169 1345 3251 Perapte

278 3279 482 3363 interponitur
510 3281 670 3362 tamquam
693 3297 728 3344 er
756 3280 823 3361 ipsa
845 3279 1053 3343 insulanorum
1077 3277 1253 3343 Graeoorum
1274 3293 1344 3340 seu·

277 3387 376 3452 tentia
397 3388 428 3452 et
449 3385 586 3451 oratione
608 3385 789 3452 exclamatio
811 3385 1035 3458 demonstraus,
1057 3400 1150 3466 quam
1166 3381 1291 3447 ridicule
1313 3381 1347 3445 et

277 3493 385 3559 contm
405 3509 507 3557 rerum
530 3493 672 3556 naturam
693 3493 724 3556 in
747 3511 841 3557 uuum
865 3492 1090 3574 coniungantur
1103 3486 1182 3572 Lydi
1205 3488 1237 3552 et
1251 3505 1345 3553 mare.

278 3597 393 3683 (Apo,
425 3599 572 3685 igitur,
605 3598 897 3682 quoniamquidem
927 3597 1048 3663 Croesus
1077 3613 1170 3660 naves
1191 3591 1346 3676 edificet.)

381 3812 459 3882 lbid.
474 3816 516 3877 74
531 3813 581 3888 (de
597 3812 744 3897 Syennesi
761 3814 792 3875 et
807 3811 962 3894 Labyueto
978 3826 1084 3890 paoem
1107 3807 1187 3870 inter
1199 3805 1298 3889 Lydos
1314 3808 1347 3868 et

281 3918 388 3984 Medos
411 3921 663 4004 componentibus
687 3922 718 3982 et
740 3935 808 3981 eam
831 3915 1005 3997 nuptiarum
1038 3914 1249 3977 commuuione
1272 3928 1345 3975 cou-

280 4025 501 4104 firmautibus):
541 4019 731 4096 Ἀλυάτσσα
765 4016 828 4110 γάρ
863 4028 1012 4106 ἔγνωσαν
1045 4018 1166 4085 δουναι
1191 4011 1256 4101 τήν
1278 4023 1345 4082 oo-

280 4136 402 4219 γατέρα
425 4116 593 4222 ’Ἀρύηνιν
619 4123 810 4214 Ἀστυάγεϊ
833 4127 879 4213 τῷ
909 4119 1093 4210 Κυαξάρεω
1116 4123 1223 4191 παιδί.
1276 4121 1346 4187 Nou
