3008 4650
598 306 735 363 Ciceronis
754 307 864 362 Brutus.
1169 309 1224 370 101

199 506 260 571 sere
281 506 577 580 controversia)
600 508 904 590 natura,ertem
926 507 965 570 ot
986 507 1186 587 praecepta
1207 505 1267 570 si-

199 612 310 677 culos
348 611 535 677 Coracem
573 613 612 677 et
647 613 798 677 Tisiam
835 611 1142 695 conscripsisse.
1208 610 1288 706 Qui·

198 719 322 802 gentem
347 720 568 784 controversias
584 719 716 784 libenter
729 719 899 802 agitantem
915 718 1026 783 Latine
1041 719 1267 784 controversam
1360 807 1362 812 ι

197 824 346 908 appellari
382 844 471 908 posse
508 824 663 902 defendat,
702 843 792 890 nemo
826 826 900 900 iam,
936 825 1053 907 opinor,
1088 828 1151 900 ast;
1185 824 1265 908 quod

157 971 158 976 κ
197 932 302 996 autem
336 931 490 998 lacobsius
524 932 820 996 controversiis
855 934 948 995 nata
979 930 1072 996 scribi
1092 931 1191 996 voluit
1211 950 1267 997 nec

198 1056 320 1120 paucos,
344 1039 395 1120 qui
417 1037 647 1112 assentirentur,
670 1035 788 1118 habuit,
806 1036 935 1102 mutatio
950 1036 1040 1119 plane
1054 1036 1265 1119 improbabilis

199 1147 257 1219 est,
279 1145 410 1210 maximo
430 1145 462 1208 iu
493 1143 786 1208 controuersiis
812 1163 863 1226 pro
885 1142 1168 1209 controversia
1189 1143 1260 1207 sub·

197 1250 364 1330 auteonda,
396 1251 433 1314 ut
465 1250 607 1315 omittam
641 1249 690 1314 vix
717 1251 800 1314 recte
830 1249 1042 1315 controversiis
1064 1251 1172 1314 natum
1194 1267 1264 1313 eum

197 1355 266 1433 dici,
300 1356 352 1438 qui
381 1355 599 1421 controversias
629 1359 720 1419 amet.
774 1354 875 1422 Multo
898 1356 998 1421 lenius
1020 1355 1161 1433 efficitur,
1185 1355 1266 1438 quod

197 1463 229 1528 et
249 1462 383 1528 orationi
412 1465 444 1527 et
470 1461 632 1528 sententia
654 1462 849 1543 aptissimum
871 1464 928 1539 sit;
963 1463 1156 1528 scribendum
1180 1461 1261 1525 enim

115 1607 119 1614 ·
195 1570 262 1634 siue
285 1569 377 1634 dubio
400 1570 468 1632 est:
499 1567 601 1650 quod
631 1571 741 1634 esset
761 1572 880 1635 acuta
901 1569 975 1633 illa
995 1587 1091 1653 gons
1115 1573 1153 1633 et
1174 1587 1263 1632 con·

197 1677 380 1760 troversa
400 1675 436 1740 iu
456 1691 497 1740 ea
517 1673 603 1753 iurac
622 1676 748 1738 artem
772 1677 829 1740 cot.
865 1675 905 1738 ut
917 1675 1076 1758 ingenium
1093 1675 1264 1739 Siculorum

196 1782 228 1844 et
255 1778 325 1844 iura
353 1780 384 1844 iu
413 1799 450 1846 ea
474 1783 566 1865 gente
587 1782 706 1846 incerte
727 1768 916 1845 occasionem
939 1781 1060 1846 dedisse
1082 1781 1157 1846 artis
1180 1797 1263 1862 quae-

196 1886 297 1952 rendae
325 1887 509 1954 Aristoteles
537 1887 665 1953 dixerat.
710 1886 809 1966 Quam
842 1887 931 1951 focile
964 1905 1000 1952 eu
1031 1887 1071 1951 in
1105 1905 1147 1952 oa
1179 1887 1265 1951 iura

196 1994 278 2058 nasci
301 1995 434 2076 potuerit
456 1995 615 2070 natura,
638 1993 774 2076 apparet.

294 2099 373 2166 loiu.
397 2101 453 2164 73:
483 2102 522 2164 in
556 2119 630 2182 quo
660 2102 799 2165 tantus
829 2117 940 2164 error
967 2101 1082 2167 Accii
1104 2100 1200 2177 fuit,
1223 2101 1265 2165 ut

195 2204 257 2269 his
290 2205 528 2274 oonsulibus
561 2207 623 2272 XL
654 2224 775 2272 annos
806 2207 925 2271 uatus
947 2205 1099 2272 Ennius
1121 2208 1264 2282 fuerim

194 2311 256 2375 oui
292 2312 326 2376 si
362 2314 531 2396 aqualis
564 2312 691 2378 fuerit
725 2313 879 2392 Livius,
914 2313 1040 2378 minor
1072 2313 1153 2378 fuit
1184 2313 1263 2379 ali·

194 2418 342 2498 quanto
363 2418 414 2493 ie,
437 2419 503 2501 qui
526 2420 677 2500 primus
705 2418 882 2484 fabulam
913 2417 1043 2494 dedit,
1075 2437 1188 2501 quam
1213 2419 1261 2495 ii,

193 2523 260 2606 qui
302 2525 452 2592 multas
488 2525 710 2591 docuerant
745 2527 835 2588 ante
875 2525 944 2589 hos
979 2527 1183 2602 consules,
1221 2527 1261 2590 ot

193 2629 363 2716 Plautus
399 2633 438 2696 et
473 2617 644 2696 Naevi'us.
699 2628 1125 2722 Simplicitervsoribeudum,
1155 2649 1262 2714 quiem·

193 2737 361 2803 admodum
390 2736 544 2803 sententia
571 2737 718 2820 postulat,
745 2734 819 2817 quid
848 2737 936 2817 pravi
957 2736 1059 2819 posita
1080 2739 1135 2802 illa
1156 2737 1261 2804 condi·

192 2844 278 2910 cione
306 2848 462 2928 sequatur,
491 2842 671 2908 ostendens:
701 2842 764 2908 oui
787 2841 820 2905 ei
843 2843 1012 2924 aqualis
1033 2843 1099 2911 fuit
1120 2845 1259 2910 Livius

192 2953 250 3016 oet.
295 2950 435 3014 Fuerit
456 2967 492 3013 ex
512 2967 601 3014 versu
622 2949 809 3032 praecedenti
831 2966 930 3014 errore
951 2949 1012 3015 huc
1033 2950 1166 3034 irrepsit.

293 3073 370 3138 ibid.
394 3073 449 3136 79:
483 3072 517 3137 P.
544 3073 666 3138 etiam
695 3072 922 3154 Scipionem
955 3074 1157 3153 Nasicam,
1193 3075 1260 3158 qui

192 3181 256 3244 eat
290 3179 500 3244 Corculum
537 3180 788 3262 appellatus,
833 3181 898 3263 qui
932 3180 1030 3248 item
1067 3183 1130 3248 bis
1169 3201 1260 3248 con-

192 3286 254 3350 sul
284 3289 325 3350 et
354 3287 494 3351 censor
523 3286 618 3357 fuit,
649 3284 832 3351 habitum
853 3287 1109 3370 eloquentem
1131 3290 1258 3363 aiunt,

189 3392 328 3469 illius,
358 3390 425 3474 qui
455 3409 570 3456 sacra
591 3390 812 3474 acceperit,
839 3391 984 3460 filium.
1033 3395 1111 3460 Mire
1134 3398 1166 3459 et
1187 3413 1260 3475 por-

189 3517 277 3563 verse
299 3498 330 3561 in
354 3498 486 3562 notando
515 3498 580 3563 siue
609 3497 672 3561 ulla
701 3496 891 3563 dubitatione
922 3501 1004 3564 certo
1034 3499 1157 3564 homine
1187 3517 1258 3564 con-

190 3605 345 3669 iunctivus
385 3604 522 3685 ponitur3
566 3605 669 3668 utrum
705 3603 831 3690 accepit
866 3623 905 3668 an
942 3606 1117 3690 acceperat
1153 3604 1283 3670 Cicero.

190 3711 357 3792 scripserit,
381 3708 514 3775 dubitari
536 3713 686 3792 potest.*)
928 3695 930 3698 ⁵

244 3977 270 4044 *t
289 3977 459 4045 Inproximis
470 3976 553 4031 etiam
563 3978 672 4032 sublato
686 3978 815 4047 dicunt,
828 3978 909 4047 quod,
919 3996 979 4033 cum
993 3981 1090 4035 aiunt
1108 3982 1136 4035 in
1155 3982 1258 4038 alium
1348 4057 1352 4064 ι

290 4069 468 4138 depravatum
488 4077 570 4138 esset,
589 4070 712 4126 additum
726 4088 786 4127 esse
800 4071 878 4127 multi
891 4072 1086 4128 intellexerunt
1099 4081 1126 4130 et
1138 4075 1197 4146 ipse
1209 4094 1257 4146 po-

291 4162 360 4218 situs
374 4163 465 4231 arguit
483 4162 527 4231 (-
542 4165 697 4220 necessario
717 4165 787 4220 enim
806 4165 889 4220 verba
907 4165 1008 4220 etiam
1027 4167 1057 4220 L.
1076 4169 1257 4223 Lentulum
