3012 4652
300 309 358 371 m
656 309 926 380 mmmm

256 505 459 586 Catoniis,
495 508 534 574 in
570 510 721 582 bonam
746 513 897 594 partem
935 508 1115 594 accipies
1149 509 1207 575 eet.
1264 509 1325 575 Hic

256 630 376 696 quoque
397 614 502 680 mendi
517 635 609 681 nausa
627 618 699 681 nata
721 618 769 681 est
789 633 890 681 errore
912 616 992 682 oculi
1013 614 1222 681 similitudine
1238 616 1324 681 litte·

255 737 360 785 rarum
384 719 505 804 decepti
527 724 560 787 et
580 722 741 789 nonnullas
763 721 1046 805 pretermittentis;
1076 723 1120 788 sio
1149 723 1231 787 enim
1259 723 1325 788 sine

257 825 350 892 dubio
379 827 529 910 seriptum
551 830 667 895 luerat:
690 865 729 876 -·
752 829 791 894 in
813 828 976 912 legione
998 831 1142 912 quarta
1162 825 1325 910 ne<oina

256 931 414 1017 bauto>
442 935 472 1000 0.
501 934 649 1014 Antonii,
689 940 726 1001 in
765 935 906 1002 bonam
944 936 1098 1018 partem
1137 934 1324 1017 accipies.

257 1038 411 1105 Fraude
433 1041 562 1106 debetur
583 1039 617 1105 0.
640 1041 674 1105 p,
696 1041 879 1107 Hermanno.
1187 1051 1190 1056 '

357 1146 435 1212 lbid.
461 1165 508 1228 ep.
533 1149 554 1209 4
576 1147 679 1224 (Bmti
711 1148 751 1212 ad
781 1147 983 1228 Ciceronem),
1003 1149 1052 1219 -32
1082 1146 1163 1228 Qua
1194 1147 1233 1212 in
1266 1165 1324 1220 re,

258 1251 397 1318 Cicero
405 1299 569 1330 ......
592 1254 713 1318 nimis
743 1256 908 1321 credere
938 1254 1093 1320 videris
1129 1253 1217 1335 spei
1249 1254 1326 1317 tuae

258 1358 497 1442 statimque,
538 1365 580 1426 ut
615 1361 785 1445 quisque
820 1361 978 1446 aliquid
1013 1363 1123 1427 recte
1159 1358 1325 1436 fecerit,

258 1465 388 1529 omnia
425 1465 519 1532 dare
555 1485 598 1532 ac
639 1467 898 1548 permittere,
935 1469 1051 1552 quasi
1087 1485 1161 1531 non
1198 1465 1326 1531 liceat

257 1571 419 1638 traduci
441 1573 487 1638 ad
510 1572 615 1638 mala
636 1575 812 1640 consilia
834 1576 1068 1658 corruptum
1090 1572 1324 1656 largitioni·

257 1676 329 1742 bus
351 1677 531 1744 animum.
577 1681 702 1745 Poterat
729 1682 857 1746 sortasse
886 1682 1014 1747 liceat
1044 1681 1125 1758 ferri,
1149 1679 1209 1744 nisi
1231 1678 1324 1744 adde-

257 1785 342 1848 retur
364 1791 593 1870 corruptum
618 1787 933 1872 largitionibus;
962 1804 1041 1851 nuno
1063 1786 1226 1850 manifesto
1250 1785 1326 1850 scri·

257 1889 391 1955 bendum
407 1893 547 1959 videtur:
559 1896 674 1976 quasi
698 1914 771 1960 nou
786 1893 925 1982 liqueat3
943 1892 1133 1978 significatur
1147 1893 1238 1970 enim,
1252 1891 1323 1975 qnid

258 1997 428 2062 necessario
450 2001 504 2064 fiat
526 2002 627 2065 animo
652 2000 868 2085 largitionibus
890 2001 1041 2083 corrupto.
1372 2068 1375 2074 ,

362 2102 439 2169 lbid.
470 2107 490 2185 ξ
523 2108 558 2171 4:
590 2106 733 2192 ltaque
769 2109 891 2173 timeo
928 2108 972 2173 de
1009 2106 1243 2184 consulatu,
1281 2123 1327 2169 ne

260 2206 390 2274 Oaesar
410 2215 503 2276 tuus
521 2212 649 2278 altius
671 2233 710 2280 se
732 2216 969 2282 ascendisse
999 2215 1118 2296 putet
1146 2211 1326 2277 decretis

259 2317 342 2381 tuis
377 2336 490 2400 quam
518 2319 628 2397 inde,
662 2322 695 2386 si
725 2320 1022 2388 oonsulfactus
1051 2321 1122 2397 sit,
1156 2317 1326 2384 descen·

260 2441 403 2488 surum.
447 2423 606 2505 Quomodo
635 2431 756 2510 poterat
785 2429 887 2494 Caesar
908 2427 1122 2507 (Octavianus)
1150 2427 1258 2507 putare
1281 2443 1323 2503 se,

260 2529 287 2594 si
310 2529 415 2596 consul
435 2531 535 2597 laetus
556 2535 648 2611 esset,
679 2534 906 2611 descensurum,
937 2538 969 2600 et
994 2533 1146 2617 quomodo
1169 2531 1251 2598 huno
1272 2531 1327 2596 de-

261 2653 402 2702 scensum
434 2655 503 2703 cum
539 2640 639 2721 priore
675 2660 807 2706 ascensu
844 2643 1040 2724 comparare?
1081 2638 1161 2704 Nam
1198 2641 1225 2706 ai
1258 2637 1327 2722 quis

263 2741 459 2827 interpretari
480 2750 623 2812 conatur:
647 2767 758 2831 „quam
781 2754 816 2812 ut
837 2749 908 2813 inde
923 2783 963 2796 -
979 2745 1177 2824 descendat“,
1193 2745 1327 2829 primum

181 2875 183 2879 ·
262 2847 319 2913 hoo
340 2851 490 2916 sermonis
512 2855 582 2918 usui
604 2873 727 2936 prorsus
748 2860 908 2940 repugnat,
932 2855 1043 2920 deinde
1065 2871 1103 2918 ne
1127 2854 1157 2918 in
1181 2851 1237 2916 illa
1258 2853 1327 2934 qui-

261 2953 333 3020 dem
355 2960 507 3022 sententia
529 2963 611 3026 recte
633 2961 811 3046 adiungitur
843 2961 921 3026 illud
953 2961 986 3026 si
1019 2959 1161 3026 consul
1194 2959 1328 3024 lactus

361 3241 416 3280 uno
445 3233 472 3282 et
499 3228 588 3284 altero
619 3230 679 3285 loeo
711 3232 770 3287 eius
798 3237 960 3301 argumenta
989 3230 1078 3286 limari
1108 3229 1327 3299 confirmarique.

364 3317 443 3388 Quod
460 3320 490 3375 in
506 3322 676 3380 orationibus
692 3324 885 3380 aMarklanrlo
902 3323 1054 3393 Wolfioque
1074 3323 1209 3380 damnatis
1226 3321 1330 3377 factum

364 3427 425 3468 esse
450 3431 524 3492 nunc
551 3431 643 3473 omnes
671 3418 768 3487 sciunt,
795 3425 826 3473 ut
844 3418 976 3474 orationi-s
995 3416 1244 3485 sententiarumque
1262 3413 1331 3470 vitia

315 3512 318 3519 '
362 3506 391 3561 in
409 3507 637 3566 manifestissimis
660 3511 834 3568 librariorum
857 3510 996 3566 erroribus
1019 3509 1111 3580 posita
1129 3508 1331 3578 declamatoris,

363 3600 410 3668 qui
429 3617 446 3656 a
464 3601 565 3658 criticis
582 3603 712 3662 mirificus
730 3605 894 3675 fingebatur,
912 3602 993 3659 mode
1009 3601 1140 3670 artificio,
1159 3603 1240 3658 modo
1252 3602 1330 3671 igne·

362 3694 460 3750 rantiae
487 3695 700 3767 imputarentur,
732 3698 762 3753 iol
787 3699 816 3753 in
842 3697 885 3752 his
913 3711 1021 3765 quoque
1052 3694 1175 3764 epistolis
1205 3709 1330 3766 persaepe

362 3787 463 3843 accidit
494 3805 526 3845 eo
556 3790 652 3860 magis,
680 3790 754 3861 qporl
780 3790 810 3844 in
837 3795 959 3844 extremo
987 3789 1091 3867 codicis
1118 3789 1256 3845 volumine
1283 3786 1331 3843 ad·

363 3882 501 3938 haerentes
522 3884 621 3953 partim
646 3901 663 3940 a
686 3882 801 3938 librariis
825 3882 1009 3952 negligentius
1029 3883 1112 3938 etiam
1129 3897 1213 3950 quam
1230 3885 1330 3936 ceterae

363 3974 472 4045 scriptae
509 3983 586 4046 sunt,
625 3976 725 4046 partim
761 3975 822 4045 ipsa
855 3975 980 4030 codicum
1015 3974 1081 4031 folia
1113 3973 1184 4028 male
1219 3972 1329 4040 habita;

364 4081 458 4122 earum
486 4070 608 4139 quidem,
636 4085 698 4139 qua
723 4067 843 4124 seeundo
874 4067 943 4122 libro
975 4053 1193 4135 continebantur,
1223 4071 1331 4121 tantum

363 4174 459 4215 manea
477 4163 579 4221 codicis
596 4167 676 4232 parte
693 4177 764 4217 unus
783 4161 935 4217 Cratander
952 4179 1019 4218 usus
1038 4166 1089 4217 est.
