3008 4654
305 273 374 339 240·
673 272 732 327 Lib.
751 272 787 330 ΙΙ.
803 272 872 344 Cap.
893 273 923 327 V.

255 488 404 554 posses
438 467 571 536 videri
599 486 664 538 nou
692 467 828 554 enpuse
883 469 981 550 Quum
1011 487 1091 554 supe
1111 471 1239 538 00000
1260 488 1332 536 000

254 575 391 644 0000000
412 575 485 654 sint,
506 594 615 642 omnes
637 576 825 653 norunt¹¹')⁴

364 682 442 748 lbid.
474 681 532 760 111,
561 681 599 750 32
631 683 675 748 ut
706 684 849 750 ouutoa
880 700 1034 766 quoque
1066 700 1109 748 ao
1140 681 1333 765 providos

258 791 534 874 permoveret,
566 788 715 874 vulgus
746 792 785 854 et
812 789 940 857 outoni
970 808 1086 856 uuum
1108 789 1237 856 virum
1258 787 1331 854 du·

255 913 426 978 -oomque
448 941 456 957 .
479 941 487 958 .
510 940 518 958 .
542 892 734 962 laudibus
756 896 919 960 terrent
971 893 1057 962 Seite
1078 895 1183 974 velim,
1205 893 1331 979 quinam

264 1000 327 1068 sint
341 1001 388 1067 illi
404 1003 533 1068 aeteri
546 1008 659 1084 prater
673 1001 795 1085 angus.
831 1001 867 1070 ln
883 1001 988 1068 oodiee
1007 999 1090 1070 Med·
1112 1003 1162 1068 eat
1181 1001 1342 1068 natatu..

256 1105 467 1194 Soribendum
488 1106 603 1192 igitur:
625 1108 770 1192 vulgus
791 1110 980 1176 osterum.
1013 1107 1154 1174 urrorm
1178 1106 1328 1176 obleuisse

264 1212 387 1278 videtur
408 1213 536 1295 pluralis
559 1215 643 1280 verbi
666 1231 821 1286 numerus.

365 1341 445 1408 lbid.
482 1344 520 1407 5:
563 1343 795 1411 l'rabnntur
830 1345 870 1407 in
907 1342 1046 1425 partes
1080 1343 1175 1410 Sido
1211 1346 1333 1427 atquo

265 1447 439 1516 Italious
462 1469 578 1536 reges
594 1449 828 1528 Suanorum,
851 1450 941 1534 quis
962 1451 1080 1514 vetus
1102 1450 1331 1534 obsequium

255 1571 357 1640 -orga
378 1556 576 1622 Romanos
598 1562 637 1623 et
658 1575 757 1642 gons
773 1555 876 1622 fidei
896 1555 1152 1622 commissior
1172 1555 1331 1639 patien-

256 1651 365 1728 tior(
403 1663 456 1729 Sia
477 1664 571 1729 000οι
599 1663 681 1728 Mad.
704 1662 857 1729 mendose.
901 1661 1019 1728 Omitto
1041 1664 1241 1737 ooniaoturas,
1264 1681 1334 1747 quae

255 1787 301 1834 ne
321 1769 397 1853 ipsis
413 1768 536 1854 quidem
553 1769 729 1836 auotoribus
745 1770 820 1835 satis
836 1769 1027 1852 placuerunt.
1063 1767 1134 1835 Non
1150 1768 1332 1834 mutandam

256 1893 331 1940 osse
353 1876 386 1941 in
410 1895 455 1955 00,
482 1878 564 1961 quod
585 1877 840 1944 comminator
861 1874 1014 1950 scribitur,
1044 1875 1246 1958 comparativi
1267 1873 1334 1941 ior·

264 1999 345 2047 mum
380 1983 543 2048 admonere
575 1981 709 2049 debebat
735 1982 767 2048 in
795 1983 896 2049 altero
925 1983 1064 2049 membro
1093 1983 1227 2066 positum
1261 1999 1334 2065 pa·

256 2087 454 2167 0000οἰ00,
484 2090 565 2173 quod
595 2090 696 2172 ipsum
719 2089 858 2156 ostendit
877 2089 909 2154 in
932 2089 994 2155 lide
1018 2090 1077 2156 duo
1102 2089 1185 2155 inter
1205 2107 1237 2154 00
1259 2108 1334 2155 oon·

258 2193 337 2259 terri
369 2195 530 2262 ooniunota
564 2196 597 2261 et
628 2214 772 2263 connexa.
815 2195 892 2263 Inda
911 2196 985 2264 ‘hae
1006 2196 1144 2264 nascitur
1165 2196 1333 2263 eorrectio:

264 2301 499 2384 ganasidai,
530 2319 591 2388 quo
620 2303 793 2379 remissior.
822 2303 1062 2387 patientior.
1105 2301 1197 2368 Sueri
1219 2320 1256 2368 00
1277 2319 1333 2385 pa·

264 2407 425 2476 000οἰ0000
447 2411 535 2475 erant
555 2410 637 2489 fidei,
660 2428 721 2493 quo
743 2409 901 2477 remissior
928 2429 984 2476 000
1015 2409 1149 2476 adduota
1172 2411 1205 2475 00
1228 2427 1335 2474 severa

256 2515 339 2582 arat.
385 2515 542 2583 Omissum
565 2517 597 2582 in
621 2516 720 2582 altero
751 2519 887 2584 membro
915 2535 958 2583 ao
989 2515 1072 2599 apud
1093 2515 1236 2582 'l'aoitum
1258 2514 1336 2580 nibil

256 2639 339 2706 -opns
362 2625 412 2688 000
433 2622 580 2708 exemplis
601 2623 791 2690 confirmare.
1324 2645 1326 2650 ’

366 2752 442 2818 lbid.
466 2753 502 2817 9:
533 2752 820 2820 Flavianarum
842 2751 1018 2836 partium
1042 2750 1163 2816 dnoee
1183 2751 1335 2816 omissa

257 2857 415 2938 prioris
462 2859 634 2925 iortunae
681 2859 917 2927 defensione
967 2876 1035 2942 pro
1077 2856 1332 2940 Vespasiano

265 2963 497 3048 magnifiee,
515 2982 584 3049 pro
601 2984 718 3033 eausa
739 2967 937 3043 fidenter,
954 2963 998 3028 de
1013 2962 1124 3029 exitu
1139 2963 1203 3042 (Μο
1220 2983 1335 3030 erer-

259 3067 365 3146 oitu)
387 3073 536 3149 securi,
568 3073 606 3138 in
630 3073 848 3139 Vitellium
870 3074 912 3139 nt
932 3070 1093 3137 inimioi
1116 3089 1334 3152 praesump·

260 3192 352 3240 wsore
374 3179 434 3241 000.
478 3179 605 3245 Frustra
624 3179 691 3246 000
706 3181 813 3248 eontra
831 3177 1086 3257 Freinshemium
1109 3177 1164 3261 qui
1186 3175 1335 3243 violenter

258 3299 338 3347 :sune
367 3285 620 3368 resoripsers
649 3287 796 3352 substitui
825 3285 957 3363 nolebat,
987 3281 1211 3360 defenduntnr3
1234 3300 1334 3368 neque

261 3387 347 3454 enim
370 3393 425 3456 aut
446 3409 641 3474 praesnmo
663 3394 702 3458 in
724 3394 899 3476 aliquem
919 3391 1059 3458 absolute
1073 3407 1205 3475 unquam
1220 3389 1335 3456 dieitur

318 3647 346 3705 *l
365 3647 393 3702 C.
421 3649 455 3704 93
481 3667 537 3705 non
563 3649 723 3706 mutandum
751 3656 811 3705 erut
838 3650 980 3718 violenter,
1007 3657 1038 3704 ut
1065 3649 1232 3703 Puteolanus
1259 3645 1335 3716 iecit,

365 3739 530 3800 avidita'te
548 3744 578 3798 in
597 3744 757 3812 aviditas,
782 3741 830 3800 sed
854 3743 947 3813 potius
970 3741 1120 3798 tollendum
1139 3746 1173 3796 et
1190 3757 1224 3796 ex
1242 3745 1333 3794 extre-

365 3837 415 3892 mis
452 3837 551 3893 litteris
584 3837 766 3907 praecedentis
798 3836 926 3891 vocabuli
957 3841 1059 3890 ortum:
1097 3833 1335 3889 Germanorum

365 3929 602 3999 Gallorumque
631 3971 663 3984 ..
692 3943 834 3999 corpora
861 3928 1010 3984 fluminis
1037 3927 1203 3984 aviditate
1231 3933 1334 3981 aestus

365 4024 582 4093 impatientia
618 4022 789 4078 labefecit.
844 4022 936 4076 AEstus
973 4022 1144 4091 impatientia
1173 4020 1336 4076 ariditatem

324 4189 328 4196 ³
364 4115 483 4172 fluminis
501 4116 591 4172 effecit
609 4117 694 4172 etita
712 4130 828 4186 corpora
845 4113 982 4172 labeienit,
