3008 4650
393 295 398 302 ·
494 275 633 332 Ciceronis
652 276 685 331 de
705 284 814 332 oratore
833 276 881 332 lib.
901 278 950 332 Ill.
1176 278 1216 340 93

69 534 73 542 .
140 491 143 496 ’
187 474 282 540 tionis
315 474 434 542 mentio
467 494 592 557 prorsus
625 474 698 540 binc
728 473 830 540 aliena
861 475 893 539 et
925 474 1029 558 inepta
1052 476 1109 552 est,
1132 474 1197 540 siva
1220 475 1257 540 ad

165 574 238 648 ¹res
260 601 278 647 a
299 580 490 665 philosophis
512 581 654 647 inventas
676 580 872 664 participium
895 579 1124 647 exercitata
1146 582 1258 648 referas

190 687 396 768 (nominativo
429 693 515 765 casu)
548 689 612 754 siue
645 686 684 752 ad
716 686 897 752 orationem.
965 686 1068 753 Cicero
1101 688 1259 772 scripsisse

190 794 329 859 videtur:
363 811 488 878 eaque
517 792 663 860 excitata
690 793 761 872 (boc
788 794 845 870 cst,
868 793 990 858 inventa
1011 793 1044 860 et
1063 794 1188 860 uberius
1211 813 1259 859 er-

188 903 317 976 structa,
341 898 477 982 imagine
499 899 537 964 ab
559 898 688 965 aedificio
706 898 811 977 ducta)
834 899 1017 966 oratione
1038 899 1259 981 poliuntun

192 1006 318 1086 Deinde,
357 1004 410 1071 ubi
443 997 475 1068 ilr
507 1004 663 1071 codicibus
695 1004 854 1071 scribitur:
891 1007 963 1072 Hic
1003 1008 1141 1071 noster
1173 1004 1260 1070 vul-

188 1115 300 1198 garis
323 1113 458 1178 orator
481 1157 488 1173 .
512 1156 519 1174 .
542 1158 549 1174 .
574 1159 582 1174 .
605 1112 709 1177 istos
737 1112 898 1196 quidem
928 1115 1089 1178 nostros
1117 1110 1258 1176 uerbe-

190 1219 299 1284 rabit
320 1237 445 1301 neque
467 1235 507 1282 se
529 1218 575 1282 ab
597 1218 651 1282 iis
673 1218 875 1284 contemni
898 1237 940 1284 ac
961 1218 1259 1301 despicisinet,

190 1325 284 1390 nimis
306 1325 394 1390 laeile
417 1343 450 1393 se
472 1322 652 1416 expediunt,
675 1325 728 1409 qui
750 1327 911 1391 nostros
934 1324 1115 1409 simpliciter
1136 1322 1258 1398 tollunt,

189 1432 271 1514 quod
292 1450 382 1496 neruo
406 1429 568 1495 additurus
590 1431 666 1496 erat.
718 1430 918 1498 Scribendum
940 1437 1021 1498 erat:
1043 1431 1148 1497 istos
1171 1429 1260 1512 qui·

190 1539 275 1604 dem
311 1539 435 1604 vostros
468 1536 720 1615 verberabit,
757 1538 1018 1623 quemadmodum
1057 1537 1148 1620 paulo
1181 1537 1260 1600 infra

189 1643 336 1711 scribitur
369 1644 554 1710 Coracem
587 1645 709 1709 istum
743 1650 932 1712 vestrum.
983 1644 1034 1710 Sic
1055 1643 1117 1708 duo
1140 1643 1259 1708 codices
1289 1641 1292 1646 '

190 1750 273 1833 apud
295 1748 497 1828 Orellium.*)

293 1868 372 1934 lbid.
394 1867 451 1932 88:
475 1867 594 1934 bibet
615 1869 747 1934 autem
770 1887 925 1952 semper
957 1867 1131 1944 discere,
1162 1867 1205 1931 ut
1226 1867 1260 1932 si

192 1973 315 2039 velim
347 1994 418 2059 ego
448 1974 548 2040 talis
579 1975 729 2057 optime
758 1975 898 2040 ludere
921 1977 989 2040 aut
1009 1973 1101 2058 pilae
1123 1973 1260 2040 studio

192 2086 346 2157 tenear,
370 2081 492 2146 etiam
514 2079 708 2160 fortasse,
737 2083 771 2148 si
799 2082 964 2164 assequi
995 2099 1069 2147 uon
1090 2080 1260 2164 poesim;

189 2189 232 2253 at
269 2187 360 2265 alii,
397 2188 490 2272 quia
526 2189 718 2270 praeclare
755 2188 928 2267 faciunt,
963 2188 1260 2263 vehementius,

190 2313 306 2377 quam
338 2312 461 2362 causa
490 2295 693 2376 postulat,
734 2293 1009 2369 delectantur,
1048 2297 1092 2360 ut
1123 2293 1259 2359 Titius

192 2400 294 2485 pila,
326 2401 468 2466 Brulla
499 2400 610 2466 talis.
658 2400 737 2468 Mire
766 2401 902 2486 generali
931 2400 969 2465 de
999 2399 1101 2466 studio
1123 2399 1260 2466 discendi

193 2507 356 2573 sententiae
385 2507 565 2591 adiungitur
595 2507 767 2591 exemplum
798 2508 905 2574 fictum
935 2507 973 2572 de
994 2505 1061 2588 ipso
1083 2505 1192 2572 Crasso
1215 2506 1260 2571 sio

191 2612 326 2679 adiectis
358 2613 421 2679 illis
455 2615 578 2679 etiam
611 2613 804 2692 fortasse,
835 2613 870 2679 si
890 2613 1054 2696 assequi
1076 2632 1148 2679 non
1170 2629 1260 2694 pos·

191 2719 284 2795 sim,
306 2722 343 2794 ut
363 2719 505 2786 uideatur
529 2720 699 2801 exemplum
723 2719 875 2802 pertinere
891 2720 930 2785 ad
944 2717 1147 2784 inutilitatem
1163 2717 1259 2783 studii

197 2826 335 2892 discendi
372 2826 651 2894 demonstrandam.
706 2825 813 2911 Neque
845 2829 943 2912 magis
975 2825 1168 2908 intelligitur,
1202 2841 1261 2907 quo

246 3094 272 3163 *)
291 3094 359 3163 W,
373 3095 420 3149 ubi
433 3096 462 3149 in
472 3095 612 3150 codicibus
624 3101 680 3150 est:
700 3112 898 3165 quamquam
917 3098 1073 3152 omnibus
1091 3111 1151 3165 par
1168 3111 1260 3165 paene

293 3187 368 3242 laus
386 3188 421 3242 in
437 3188 600 3242 dissimili
620 3189 793 3244 scribendi
810 3206 934 3260 genere
949 3191 1134 3258 tribuatur,
1147 3196 1260 3245 annota-

293 3296 383 3335 seram
402 3281 575 3336 scribendum
594 3297 655 3337 esse
679 3295 817 3352 quamque
835 3283 1006 3352 (amplificari
1024 3284 1094 3338 enim
1112 3299 1178 3351 rem,
1197 3299 1260 3337 con-

293 3373 371 3428 trarii
387 3380 436 3428 aut
449 3375 619 3444 exceptionis
634 3391 669 3430 ne
678 3375 816 3430 minimam
827 3376 936 3445 quidem
945 3375 1171 3446 significationem
1181 3375 1260 3443 esee),

296 3465 363 3534 §51
383 3483 434 3536 pro
455 3483 496 3532 eo,
516 3467 589 3536 quod
609 3468 710 3535 editur,
739 3469 928 3536 odiosiora,
955 3467 1173 3524 substituendum
1200 3483 1260 3522 esse

293 3560 448 3614 necessario
467 3566 516 3616 aut
534 3557 691 3632 copiosiora
710 3567 759 3615 aut
775 3561 867 3630 potins
886 3559 1058 3632 operosiora,
1076 3561 1091 3628 ἓ
1110 3561 1145 3615 98
1163 3560 1261 3614 tollen-

295 3652 357 3706 dum
376 3668 436 3708 esee
457 3669 608 3723 pronomen
627 3670 664 3709 ea
683 3669 700 3708 a
717 3654 830 3709 librario
849 3654 943 3722 aliquo
964 3660 1028 3719 ante
1047 3669 1117 3723 quas
1137 3653 1260 3708 additum

294 3746 358 3813 (ea,
378 3749 463 3815 quae)
483 3763 543 3802 cnm
560 3747 682 3817 pernicie
702 3753 847 3802 structurae
865 3747 1060 3814 (anacoluthon
1079 3747 1158 3815 enirn,
1183 3748 1260 3802 cuins

295 3839 474 3894 excusatione
501 3845 622 3907 utuntur,
649 3839 752 3894 nullam
782 3841 872 3910 ipsum
905 3841 1007 3896 habere
1038 3842 1261 3911 excusationem);

293 3933 409 4002 primam
437 3933 635 3987 correctionem
663 3941 844 4003 occupaverat
870 3933 1028 4002 Lambinus,
1056 3934 1171 3989 alteram
1192 3935 1260 3989 Pur·

294 4023 401 4093 goldue,
420 4025 528 4079 tertiam
550 4025 707 4080 Wetaelius.
751 4026 784 4080 Id
808 4042 915 4097 quoqne
935 4027 1002 4082 satie
1020 4032 1062 4081 est
1079 4029 1125 4082 hio
1142 4028 1172 4082 in
1191 4045 1260 4084 mar·

293 4117 357 4184 gine
375 4118 508 4186 posuisse,
529 4117 544 4186 5
563 4118 598 4173 67
616 4134 666 4187 pro
683 4119 796 4187 possit
815 4120 987 4176 scribendum
1007 4135 1067 4177 esse
1087 4123 1186 4191 posset.
