3008 4654
306 309 368 371 m
667 306 933 376 mmmm

263 507 411 591 batque
426 523 500 590 spes
515 504 784 588 cupiditatem
801 507 859 570 cet.
883 503 979 568 Paulo
990 506 1060 586 post
1071 504 1102 587 (q
1119 491 1332 580 it'necssserio

262 612 476 678 scribendum:
510 610 801 676 advertendum
833 615 894 675 est
927 611 1122 687 breviter,
1147 609 1246 674 unde
1268 629 1331 675 su-

263 719 394 802 pienti
417 718 501 784 rire
523 716 596 782 hoc
617 734 773 800 quoqne
799 716 984 782 accidere
1007 715 1152 799 potuerit
1173 722 1240 799 (pro
1266 736 1332 800 po·

264 825 376 902 terit)
409 823 607 888 doctriuae
635 840 759 906 genus
786 822 889 887 baud
922 823 1019 886 leve.
1073 821 1234 906 Nusquam
1257 827 1332 888 Am·

265 931 387 996 miauus
408 932 439 994 in
461 928 518 994 tali
540 929 695 995 sententie
722 927 924 995 indicativum
951 925 1073 1010 posuit;
1104 926 1131 991 si
1157 929 1333 1012 generalem

264 1037 452 1104 sententiam
472 1055 540 1102 esse
555 1035 713 1113 voluisset,
736 1034 909 1117 scripsisset
929 1034 1072 1117 possit.
1104 1033 1183 1099 Tum
1201 1039 1219 1120 ξ
1235 1036 1263 1114 8,
1280 1036 1334 1102 ubi

264 1145 297 1210 in
313 1144 471 1210 codicibus
489 1144 521 1207 et
543 1142 730 1208 editionibus
752 1141 914 1207 scribitur:
939 1141 1238 1207 Elementorum
1256 1161 1333 1208 om·

265 1252 373 1316 nium
402 1249 577 1331 spiritus
601 1295 608 1311 .
632 1295 639 1311 .
663 1295 670 1310 .
694 1295 701 1311 .
725 1267 767 1311 ex
788 1247 867 1325 bis,
891 1266 972 1331 quse
999 1265 1065 1329 per
1087 1246 1334 1330 disciplinas
1456 1315 1460 1320 ,

265 1356 400 1423 varias
419 1355 679 1432 affectamus,
695 1353 920 1437 participat
942 1355 1149 1419 nobiscnm
1174 1373 1335 1420 munera

264 1460 496 1539 divinandi,
513 1461 577 1526 sine
593 1460 684 1526 dubio
699 1458 892 1525 scribendum
910 1461 972 1526 est:
995 1478 1036 1524 er
1052 1459 1163 1544 siguis,
1178 1481 1259 1544 quae
1275 1464 1334 1526 cet.

267 1569 428 1635 Postremo
450 1567 470 1650 ξ
494 1567 534 1628 12
558 1567 650 1631 verba
671 1565 717 1631 sic
738 1565 900 1631 scribenda
921 1567 954 1631 et
976 1555 1221 1649 interpungeuda
1243 1570 1333 1633 sunt:

268 1674 520 1741 Somniorum
555 1674 686 1737 autom
720 1673 809 1736 rata
840 1669 947 1737 fides
976 1677 1015 1738 st
1036 1673 1334 1740 indubitabilis

269 1782 391 1859 roret,
424 1782 462 1846 ni
496 1779 798 1845 ratiocinantes
828 1777 1065 1842 coniectura
1086 1778 1337 1846 fallerentur

202 1973 204 1976 Ι
266 1886 486 1963 interdum,
523 1903 612 1970 quoe,
652 1885 696 1948 ut
728 1882 979 1949 Aristoteles
1015 1885 1216 1964 affirmat,
1252 1886 1337 1952 tum

266 1993 349 2059 fixa
371 1994 464 2056 suut
486 1993 524 2056 et
546 1989 719 2056 stabilia
741 1991 797 2054 eet.
842 1989 930 2070 Quod
952 1991 982 2054 in
1006 1991 1164 2057 codicibus
1186 2011 1258 2076 que
1280 2011 1335 2074 pro

266 2117 349 2181 quae
371 2098 520 2180 seriptum
542 2102 599 2173 cst,
622 2099 653 2162 iu
676 2095 864 2162 editionibus
887 2099 1041 2164 sententia
1063 2101 1107 2164 sie
1133 2097 1335 2180 depravatur:

270 2241 307 2253 -
331 2202 578 2268 fallerentur
599 2201 885 2286 interdumque
907 2206 965 2269 eet.
1190 2202 1191 2205 ’

309 2336 314 2351 r
371 2308 559 2385 ibidum
586 2307 800 2392 Replicare
822 2327 923 2375 nunc
944 2310 1135 2376 convenit
1156 2314 1338 2395 tempore

267 2418 309 2482 et
346 2433 510 2481 narrare
548 2415 788 2492 summatim,
829 2435 931 2498 quae,
975 2416 1061 2481 dum
1089 2422 1264 2502 aguntur
1298 2420 1337 2485 in

269 2521 424 2590 Galliis
460 2523 554 2585 ante
591 2520 718 2598 dicta,
755 2521 1025 2587 Constantius
1154 2525 1338 2607 perfecit.

270 2631 379 2712 Neque
392 2634 571 2708 tempore
587 2628 787 2710 replicare
797 2626 968 2712 quidquam
980 2628 1247 2714 significaturque,
1256 2631 1340 2716 quod

270 2754 367 2818 nuper
388 2733 593 2800 substitutum
615 2737 672 2812 est,
694 2734 879 2815 tempori.
903 2733 1119 2800 scribendum:
1135 2737 1340 2820 Replicare

270 2860 372 2906 nunc
404 2840 596 2905 convenit
628 2841 776 2925 tempora
804 2841 873 2917 cet,
902 2841 960 2906 boc
989 2841 1047 2919 cst,
1069 2842 1224 2910 revolvere
1246 2848 1278 2910 et
1299 2846 1340 2910 ad

227 2945 229 2949 ’
269 2944 428 3029 superiora
450 2944 559 3011 redire.

372 3051 451 3116 lbid.
475 3052 524 3131 16,
556 3051 590 3115 6:
625 3050 832 3134 impendio
862 3055 998 3118 castus
1021 3053 1234 3130 (Constantius
1256 3055 1341 3135 fuit),

273 3158 315 3222 ut
344 3176 414 3222 uso
442 3176 548 3223 mare
576 3159 765 3224 ministro
795 3160 939 3225 saltem
964 3161 1200 3242 suspicione
1222 3166 1341 3228 tenus

272 3265 414 3347 posset
454 3263 647 3348 redargui
689 3269 748 3330 cst.
816 3264 877 3331 Pro
913 3284 1018 3332 mare
1054 3286 1151 3350 nuper
1185 3267 1342 3351 Hauptius

271 3389 404 3438 amaro
427 3369 600 3448 substituit,
623 3370 655 3434 iu
678 3389 738 3454 quo
754 3362 854 3436 'miror
875 3371 935 3435 viri
950 3371 1067 3456 egregii
1081 3373 1246 3450 iudicium;
1270 3393 1342 3440 nem

275 3495 385 3561 usque,
418 3494 575 3542 amerus
597 3477 785 3541 minister
806 3476 881 3561 quid
903 3477 954 3552 sit,
983 3477 1134 3560 intelligo,
1164 3496 1262 3563 neque
1287 3484 1345 3546 aut
1488 3523 1489 3562 ,

274 3582 400 3648 dativus
415 3586 469 3648 aut
483 3580 635 3648 ablativus
651 3584 722 3663 apte
738 3583 867 3649 orationi
881 3583 1105 3651 accommodari
1116 3589 1226 3668 potest.
1261 3587 1344 3652 Scri·

274 3687 487 3754 bendumsine
503 3687 613 3754 dubio:
634 3692 677 3754 ut
699 3707 768 3753 uec
788 3707 919 3757 rumore
941 3691 1199 3756 ministrocet.
1231 3691 1345 3759 Neru-

273 3813 358 3860 more
382 3794 505 3878 quidem
529 3792 669 3859 adhibito
692 3794 725 3858 et
745 3793 876 3859 erimina
897 3796 1151 3862 subministrante
1167 3799 1346 3880 suspicione

272 3901 365 3963 tenus
387 3900 529 3982 redargui
551 3899 751 3966 Constantius
773 3902 903 3981 poterat.

376 4016 453 4081 lbid.
481 4016 498 4099 ἓ
523 4017 578 4082 19:
615 4017 764 4101 Figura
784 4017 863 4082 tali
886 4020 1053 4103 situque
1077 4021 1346 4088 membrorum

273 4121 485 4196 (Constantius
515 4122 604 4196 luittr
645 4124 855 4207 subniger,
885 4124 972 4191 luce
1002 4127 1206 4193 oculorum
1230 4127 1351 4193 edita
