3008 4650
546 295 684 351 Ciceronis
702 295 848 351 orationes.
1004 285 1005 290 ’
1129 295 1186 358 137

162 493 388 560 maioribus
424 493 583 560 nostris
618 494 716 571 luit,
755 494 815 572 ut,
857 513 941 560 eum
977 494 1016 558 in
1052 493 1229 575 privatis

161 598 280 665 robus
382 599 625 666 tenuissimo
647 600 762 667 eultn
784 599 1041 677 viverent‚in
1057 601 1228 684 imperio

161 711 282 789 atque
315 707 353 770 in
385 706 553 791 publiea
585 703 793 790 dignitate
824 707 959 773 omnia
986 707 1033 773 ad
1055 706 1246 791 gloriam„

161 813 504 896 splendoremque
535 817 787 879 revocarent.
836 811 918 893 Quid
950 813 992 880 sit
1025 814 1056 878 in
1085 813 1229 880 extremis

162 919 262 986 verbis
292 919 373 997 vitii,
394 919 484 986 iaeile
506 919 740 1000 animadvertet,
772 919 825 1005 qui
856 919 1020 1004 diligenter
1050 918 1227 987 attenderit.

161 1026 269 1110 Neque
291 1027 372 1092 enirn
403 1025 435 1091 in
464 1024 618 1111 dignitate
647 1025 685 1092 do
713 1026 873 1109 splendore
904 1029 1015 1110 agitur,
1037 1025 1091 1091 esd
1113 1025 1146 1091 in
1168 1025 1230 1091 im·

160 1133 246 1214 perio
267 1133 369 1218 agitur
389 1133 429 1198 de
451 1133 604 1218 dignitate
626 1134 659 1198 et
679 1132 850 1218 splendore.
894 1130 1034 1206 Accedit,
1053 1131 1135 1216 qnod
1157 1153 1229 1217 pu-

161 1238 271 1306 bliea
291 1238 474 1325 dignitas
496 1258 552 1323 pro
574 1241 633 1306 roi
655 1241 829 1323 publicae
859 1239 1068 1324 dignitate
1095 1241 1229 1306 insolen-

160 1347 279 1413 tissime
301 1346 423 1413 dieitnr.
474 1346 651 1412 Admodum
680 1348 820 1430 suspicor
849 1345 1027 1439 Cioeronem
1053 1348 1228 1430 scripsisse:

159 1455 197 1518 in
219 1452 391 1536 imperio
412 1458 532 1538 atque
548 1451 1229 1539 in<ne>publiea<nd>dignitatem

160 1559 926 1644 omniasplsndoremquerevocarent.
976 1559 1229 1641 Cumad'prae·
1298 1577 1301 1584 ’
1363 1563 1365 1566 ’

160 1665 275 1750 positio
295 1669 377 1734 inter
398 1686 416 1732 a
438 1669 470 1732 st
491 1667 512 1732 d
532 1665 749 1742 intercidisset,
773 1666 893 1752 reliqua
914 1665 1006 1731 l'aoilo
1022 1667 1131 1731 vitiols
1146 1667 1226 1730 sunt.

161 1775 265 1858 Longe
296 1774 410 1840 rectius
444 1773 580 1859 dignitas
613 1791 705 1857 quam
735 1775 831 1859 gloria
863 1791 934 1839 oum
963 1772 1124 1856 splendore
1153 1790 1228 1837 oon·

158 1882 307 1966 iungitur.
440 1925 442 1928 -

260 2033 338 2100 ibid.
361 2035 419 2099 39:
451 2036 528 2100 Sed
557 2033 668 2100 aliud
701 2052 788 2100 esse
810 2051 938 2100 oansae
960 2035 1228 2127 suspicamur,¹

160 2160 205 2207 ne
227 2140 334 2207 torte
355 2141 431 2207 isti
452 2160 592 2225 parum
622 2142 778 2207 vorsuti
808 2158 896 2206 esso
918 2138 1146 2206 videantur.
1190 2139 1227 2204 In

159 2249 206 2325 iis,
230 2266 299 2331 quae
320 2247 611 2330 praeeedunt'uullu
630 2248 759 2313 minima
781 2249 829 2314 est
851 2266 950 2313 oausae
971 2246 1166 2332 significatio,
1188 2245 1229 2311 ad

160 2373 251 2436 quam
275 2354 425 2420 referatur
445 2351 568 2419 aliud.
612 2353 743 2434 Rectum
765 2356 813 2420 est
835 2352 958 2439 aliquid
980 2400 987 2416 .
1011 2365 1178 2418 :seuseu

260 2493 419 2560 Ibid.69:
456 2515 556 2561 nuno
592 2513 683 2561 vero
722 2494 794 2560 hoo
831 2495 977 2578 magis,
1013 2494 1116 2578 quod
1151 2493 1228 2559 illa

158 2600 482 2684 gens(ludaeorum)‚
498 2601 593 2685 quid
616 2601 662 2666 de
682 2601 821 2667 nostro
843 2601 1014 2686 imperio
1037 2601 1226 2677 sentiret,

159 2705 346 2773 ostendit
375 2709 516 2787 armis,
550 2725 670 2792 quam
696 2725 788 2772 cara
824 2706 884 2796 dis
919 2706 1227 2774 immortalibus

160 2811 294 2887 essetf
321 2815 474 2888 docuit,
511 2812 614 2898 quod
647 2815 710 2879 est
741 2814 865 2886 vieta.
906 2814 1008 2897 quod
1046 2813 1223 2886 eleuata,

159 2919 261 3004 quod
282 2921 453 2986 servata.
507 2921 585 2984 Tam
615 2921 720 3004 aperta
750 2922 783 2985 ot
810 2921 934 3006 elegans
964 2922 1011 2986 est
1040 2918 1173 2984 uictoriae
1196 2921 1228 2984 et

158 3026 263 3111 gentis
285 3026 462 3110 perdomitus
483 3026 682 3110 amplificatio
703 3027 803 3093 tribus
823 3028 970 3093 membris
985 3021 1137 3109 s'nophora
1153 3044 1227 3092 eon·

158 3134 282 3208 innotis,
313 3136 356 3198 nt·
380 3133 475 3199 miror
506 3153 544 3200 ne
576 3133 634 3201 hoo
670 3135 794 3218 quidem
827 3133 894 3200 loeo
931 3133 1112 3218 Kayserum,
1149 3132 1227 3198 duee

158 3245 260 3306 tamen
275 3241 450 3324 Bernayslo‚
461 3258 586 3323 prauam
599 3240 686 3307 illam
698 3240 832 3318 delendi,
844 3259 911 3323 quae
923 3239 1063 3322 expedire
1074 3239 1226 3324 nequiret

158 3344 409 3412 consuetudinem
433 3345 590 3413 abiecisse.
644 3348 693 3412 Ad
728 3349 902 3414 litterarum
929 3346 1062 3430 vestigia
1091 3333 1226 3428 proxime

158 3451 286 3528 aceedit,
302 3452 429 3520 orationi
445 3456 477 3518 et
491 3453 652 3520 senteutiae
673 3453 826 3520 satisiaoit
846 3451 913 3518 haeo
933 3449 1101 3534 scriptura:
1124 3451 1226 3534 quod

159 3561 221 3626 ost
241 3559 366 3639 vieta,
389 3559 490 3643 qnod
517 3557 734 3644 belloramo,
762 3559 867 3643 quod
894 3557 998 3624 seruit
1019 3555 1226 3642 (llio-Ango-

157 3668 235 3732 lius:
258 3666 359 3750 quod
381 3671 519 3743 serva).

244 3807 337 3874 libid.
352 3809 428 3872 104:
453 3805 606 3886 Quotus
630 3806 1012 3890 enimqnisquesst‚
1029 3801 1096 3888 qui
1109 3849 1222 3866 ......

159 3915 303 3997 optimi
331 3916 453 3998 atque
474 3911 723 3996 amplissimi
744 3911 938 3996 cuiusque
959 3908 1140 3977 hominis
1161 3911 1226 3977 at·

158 4039 231 4104 que
264 4019 422 4087 ordinis
454 4018 734 4086 auctoritatem
767 4017 893 4103 magni
929 4018 1062 4101 put-et?
1110 4016 1224 4085 illam

158 4126 259 4192 viam
292 4126 366 4192 sibi
400 4125 535 4193 vident
569 4125 843 4209 expeditiorem
872 4124 915 4192 ad
938 4124 1099 4192 honores
1121 4125 1160 4190 et
1181 4124 1251 4212 ad,
