3012 4652
597 299 735 356 ciceronis
754 299 884 372 epistolae.
1173 302 1231 366 181

306 497 387 564 ibid.
411 498 462 578 16,
485 499 521 563 2:
544 498 651 578 ursi,
674 516 748 582 qua
770 517 838 581 epe
858 499 1123 582 proficiscar,
1144 500 1274 580 uideo,

205 605 485 690 coniungoque
508 625 564 670 me
586 624 669 672 cum
692 605 850 672 homine
880 606 1007 692 magia
1037 607 1083 673 ad
1105 608 1275 672 vastan-

205 711 918 795 damltaliamquamaduincendum
934 716 1086 797 parato.
1110 713 1273 780 Domum

205 837 317 902 quem
351 820 553 902 exspecto.
601 819 665 885 Sub
693 820 839 886 extremis
865 819 916 887 his
943 821 1041 888 latere
1068 821 1189 904 potesta
1211 820 1273 887 llo·

204 926 324 992 minum
347 925 474 1011 quidem
508 929 707 1009 exspecto.
762 927 960 994 subeundum
985 927 1045 995 sibi
1067 927 1196 994 Oaeeeris
1218 926 1273 993 do-

204 1032 357 1100 minatum
381 1032 485 1100 Cicero
507 1033 663 1117 previdet.
691 1114 694 1126 ὅ

304 1223 1274 1310 lbio.1x‚5,3:eg0veronaeeofriciamereanoe

205 1331 289 1396 vita
309 1335 416 1414 puto.
467 1331 640 1398 Mercari
662 1331 810 1399 officia
830 1343 934 1415 neque·
950 1333 1025 1417 quid
1047 1335 1098 1408 sit,
1120 1331 1272 1418 intelligo,

204 1438 245 1517 et,
268 1437 296 1504 si
323 1437 356 1502 id
384 1437 548 1523 significat,
582 1439 663 1522 quod
696 1459 791 1504 unum
814 1438 988 1524 significare
1019 1459 1108 1524 posse
1139 1438 1271 1518 videtur,

203 1545 304 1612 officie
319 1546 478 1630 tamquam
493 1564 628 1613 meroem
642 1546 778 1630 aliquam
791 1564 976 1629 comparare,
986 1546 1209 1612 alienissimum
1224 1549 1271 1611 est

203 1643 1270 1736 abhocloco.IuMecribiturofficiameicandida,exquo
1334 1744 1336 1748 ι
1416 1685 1417 1690 =

204 1757 283 1825 effici
297 1759 421 1826 videtur
435 1760 490 1826 aut
503 1760 672 1847 pensanda
691 1762 744 1826 aut
765 1760 868 1843 potius
889 1759 1108 1848 rependenda.
1139 1761 1171 1843 (ξ
1190 1760 1204 1821 l
1223 1761 1272 1825 in-

202 1866 334 1932 feliciter
355 1865 455 1932 Ourtii
479 1886 589 1933 nomeu
612 1868 733 1933 illatum
756 1867 819 1943 est;
841 1885 1034 1951 uamueque
1050 1865 1150 1933 Curtii
1165 1867 1270 1932 neseio

203 1973 291 2038 cuius
324 1975 482 2058 praecipuae
515 1975 546 2039 iu
577 1974 660 2041 curia
691 1977 795 2058 partes
818 1975 915 2052 eraut,
945 1974 978 2039 et
1003 1973 1203 2040 manifestum
1224 1976 1272 2040 est
1369 2044 1371 2049 ,

202 2083 368 2164 utrumque
390 2081 516 2147 verbum
540 2081 645 2147 referri
675 2082 713 2147 ad
742 2100 908 2164 pronomen
937 2082 1017 2148 haec
1044 2101 1114 2147 cum
1136 2080 1271 2165 pondere

203 2188 292 2255 initio
315 2188 461 2272 positum.
517 2189 599 2270 Quid
631 2187 727 2254 lateat
758 2188 791 2253 ia
820 2189 933 2256 codicis
961 2188 996 2253 M
1023 2190 1176 2272 scriptura
1203 2208 1271 2255 cnr

202 2299 302 2372 turn,
326 2295 451 2362 difficile
474 2300 521 2363 est
544 2296 639 2377 dictu,
669 2296 752 2380 quod
777 2297 854 2362 nihil
878 2297 1001 2364 omnino
1022 2297 1189 2382 requiritur
1210 2295 1272 2362 nisi

202 2402 276 2468 hoe:
298 2401 386 2468 Haec
418 2389 485 2486 qui
517 2403 555 2468 iu
589 2422 671 2468 meu
703 2403 805 2469 villa
835 2425 907 2470 nou
931 2406 1074 2482 teram,
1097 2406 1134 2470 in
1158 2403 1271 2470 curia

203 2509 344 2594 potero
367 2511 553 2588 sorrow)

303 2853 493 2909 accessisse
512 2851 552 2907 ad
571 2851 696 2921 urbem,
716 2850 802 2920 quod
819 2850 898 2906 item
911 2857 962 2906 eet.
981 2850 1093 2906 Baitero
1107 2847 1269 2922 ‚,illepidaa“

303 2949 476 3003 coniecturae
505 2950 638 3003 annotare
667 2959 902 3015 supervacaneum
928 2944 1016 3000 visum
1043 2950 1092 3000 eet.
1140 2941 1269 3000 Profecto

301 3056 357 3096 uon
371 3040 463 3111 lepide
480 3042 530 3108 vir,
548 3038 613 3094 dum
630 3039 707 3107 vixit,
725 3037 792 3092 mihi
808 3039 963 3108 peramicus
981 3037 1121 3094 iudicavit.

256 3133 283 3203 *)
300 3133 352 3204 Ep.
372 3133 389 3188 'l
407 3136 440 3202 A,
461 3135 485 3202 1,
503 3133 549 3187 ubi
569 3133 665 3201 editur,
686 3131 911 3201 quemadmodum
939 3133 967 3187 in
992 3131 1051 3188 cod.
1072 3133 1103 3186 M
1125 3131 1160 3188 ab
1176 3131 1271 3192 ,altera

303 3244 385 3283 mauu
405 3228 536 3298 scriptum
556 3231 611 3282 eet:
629 3225 754 3282 Nedum
772 3225 936 3282 hominum
954 3226 1137 3294 humilium,
1157 3230 1193 3280 ut
1210 3239 1270 3280 noe

303 3337 425 3391 eumue,
453 3320 512 3377 aed
535 3321 633 3377 etiam
656 3320 937 3390 amplireimorum
959 3321 1106 3376 virorum
1124 3318 1271 3374 concilia

302 3431 340 3470 ex
376 3421 497 3472 eventu
614 3430 631 3470 a
665 3413 837 3484 plerisque
871 3413 1010 3483 probari
1041 3413 1165 3480 uolent,
1201 3410 1268 3466 ferri

302 3508 411 3564 omnino
435 3523 493 3564 non
510 3513 604 3579 potest
625 3507 743 3562 nedum
761 3523 811 3577 pro
830 3524 894 3564 non
911 3506 1006 3562 modo
1026 3512 1054 3562 et
1073 3512 1169 3561 eontra
1190 3520 1270 3560 usum

240 3636 241 3640 =
302 3608 329 3658 et
356 3608 452 3660 contra
478 3602 609 3671 originem
635 3599 758 3656 adverbii
785 3600 912 3671 positum,
939 3599 1013 3671 quod
1039 3598 1074 3669 X,
1101 3600 1143 3667 16,
1172 3598 1269 3654 tinen
1358 3639 1360 3643 .

301 3695 390 3752 minus
417 3711 501 3766 praue
531 3701 559 3750 et
585 3700 682 3750 contra
712 3693 833 3750 codicem
862 3693 935 3749 Med.
966 3693 1099 3764 scriptum
1129 3692 1270 3747 Manutius

302 3795 331 3844 et
348 3788 496 3844 Lambinus
515 3794 706 3858 correxerunt3
726 3785 774 3843 sed
793 3786 817 3842 si
835 3786 983 3844 attenderis
1001 3787 1047 3842 hic
1059 3787 1175 3856 antiqua
1185 3801 1270 3842 mauu

300 3899 357 3940 non
374 3882 455 3938 modo
478 3881 566 3953 prima
591 3882 676 3939 verba
704 3882 743 3937 sic
768 3879 865 3938 scribi:
894 3881 1010 3937 Cicero
1038 3896 1141 3936 meum
1167 3894 1270 3934 meum

299 3976 479 4045 hominum,
498 3975 547 4031 sed
565 3976 654 4031 omitti
672 3976 755 4032 etiem
773 3975 899 4045 solent,
916 3973 997 4032 facile
1016 3972 1160 4046 apparebit
1181 3977 1270 4027 totum

302 4071 426 4140 epistolae
444 4069 551 4150 initium
569 4074 727 4141 corruptum
746 4085 808 4125 esee
826 4084 877 4124 nec
901 4069 982 4125 unius
1005 4070 1080 4126 vocis
1098 4067 1270 4124 correctione

301 4163 410 4220 restitui
430 4178 521 4233 ponae.
550 4165 650 4220 Forma
667 4162 722 4219 loci
740 4161 992 4219 huiusmodiiuieee
1004 4162 1124 4220 videtur:
1144 4160 1274 4218 Balbus
