3008 4650
585 361 588 366 ³
646 297 805 368 Athenaeue.
1178 299 1218 363 69

190 492 250 557 Pro
272 484 440 577 θαύματα
463 490 550 560 aliud
574 494 772 576 quaerendum
795 496 843 560 est
864 495 989 578 propius
1013 514 1083 561 cum
1106 495 1260 579 frugiferis

190 597 386 666 coniunctum
409 594 464 678 (τά
488 594 618 684 ἰάματα
628 603 665 674 i).
676 599 708 676 *)

291 789 326 854 Ρ.
339 791 400 854 610
412 791 447 856 b:
471 784 543 857 ἄλλ’
566 792 638 857 ἐπεί
656 783 749 856 πάνυ
765 791 915 880 λιπαρῶς
930 783 1022 876 ἠμῦς
1037 783 1194 865 άπαιτεῑς
1206 793 1260 859 καί

190 891 253 961 τάν
286 899 363 980 περὶ
400 901 466 964 των
500 899 555 964 ἐπὶ
586 898 698 985 τρυφῇ
728 889 921 983 διαβοήτων
942 903 1136 983 γενομένων
1159 891 1261 985 λόγον

191 1005 245 1069 καί
279 1002 339 1089 τῆς
370 1000 512 1072 τοῦτων
533 998 764 1091 ἡδυπαθείας.
824 1007 903 1068 Anto
940 1003 1025 1086 prius
1062 1006 1118 1069 καί
1150 1005 1261 1071 excidit

191 1103 411 1186 άπσιλάσω,
440 1111 536 1184 oculo,
559 1113 594 1175 ut
614 1111 745 1188 videtur,
769 1108 888 1175 librarii
910 1110 1068 1178 aberrante
1089 1112 1121 1175 in
1143 1111 1260 1177 duabus

190 1216 315 1282 vocibus
337 1219 375 1283 ab
397 1218 512 1283 litteris
535 1211 586 1284 άπ
607 1216 890 1300 incipientibus.**l

292 1407 327 1474 P.
339 1408 399 1471 619
412 1427 429 1472 e
441 1408 507 1484 (ubi
518 1408 621 1491 agitur
632 1406 670 1472 de
682 1405 794 1484 causis,
807 1425 874 1489 quae
887 1406 1096 1490 Sybaritarum
1110 1406 1260 1474 luxuriam

190 1513 363 1591 auxerint):
384 1517 486 1580 Δοκεῖ
508 1514 541 1580 aa
569 1507 658 1599 μετά
689 1513 751 1597 τῆς
779 1507 1000 1595 εὐδαιμονίας
1029 1505 1143 1579 αῦτιῦν
1172 1513 1259 1581 εἶναι

190 1615 269 1685 ὅτε
296 1621 357 1704 της
385 1605 506 1707 χοίρως,
539 1613 702 1706 άλιμὲνου
735 1620 797 1704 της
828 1614 1007 1706 θαλάσσης
1042 1615 1262 1708 παρηκούσης

192 1727 245 1792 καλ
283 1727 349 1793 των
383 1729 523 1815 καρπῶν
555 1722 675 1814 σχεδόν
707 1720 870 1791 άπάντων
901 1722 970 1792 ῦπιί
1007 1729 1076 1793 των
1111 1730 1261 1796 πολιτῶν

192 1837 545 1919 καταναλισκομένων,
568 1830 585 1900 ὅ
609 1860 645 1899 τε
668 1833 732 1919 τῆς
753 1827 884 1908 πόλεως
905 1829 1024 1910 τόπος,
1049 1836 1103 1901 καλ
1125 1829 1143 1901 ὁ
1167 1833 1259 1922 παρά

191 1942 253 2008 τοῦ
285 1943 374 2009 θεοῦ
409 1935 559 2028 χρησμός
592 1940 851 2024 συμπαροξῦναι
886 1935 1020 2014 στάντας
1056 1944 1259 2028 ἐκτρυφῆσαι

193 2073 222 2114 κ.
245 2073 276 2114 τ.
298 2051 328 2114 λ.
380 2048 471 2114 Nihil
504 2066 580 2131 opus
613 2055 661 2113 est
695 2066 848 2129 exponere,
878 2068 971 2132 quam
993 2067 1055 2114 nun
1076 2049 1142 2115 haee
1163 2051 1260 2117 oratio

191 2156 353 2235 uohaereat,
382 2176 455 2221 nam
484 2172 584 2238 neque
616 2150 705 2238 μετά
739 2155 801 2240 τῆς
830 2146 1055 2239 εῦιλαιμονίας
1076 2155 1163 2223 εἶναι
1187 2158 1261 2240 quid

191 2261 242 2336 sit,
269 2260 465 2346 intelligitur,
497 2261 656 2345 nequead
678 2262 855 2345 genetivum
877 2262 937 2347 τῆς
958 2256 1065 2348 χώρας
1086 2266 1262 2332 ullomodo

190 2368 303 2433 arcessi
324 2386 360 2434 ex
381 2367 578 2435 inferioribus
600 2370 703 2452 potest
724 2364 840 2441 τόπος,
871 2389 908 2434 σο
930 2371 991 2434 alia
1012 2388 1257 2437 commemorem.

190 2473 408 2540 Scribendum:
453 2477 555 2540 Δοκεῖ
590 2475 624 2541 δὲ
669 2477 899 2560 μεταίτιον
941 2477 1002 2561 τῆς
1038 2469 1261 2560 εὐδαιμονίας

190 2575 304 2648 αὐτῶν
320 2581 406 2648 εἶναι
429 2577 476 2648 τά
499 2607 535 2647 τε
557 2581 619 2666 τῆς
632 2577 740 2669 χάρας
762 2577 983 2667 α’λίμενσν,
1006 2583 1067 2668 τῆς
1082 2581 1260 2669 θαλάσσης

191 2684 410 2775 παρηκούσης
433 2692 486 2755 καί
509 2690 576 2756 τῶν
599 2692 739 2775 καρπῦν
761 2685 880 2776 σχεδόν
902 2682 1065 2755 άπάντων
1093 2684 1161 2756 ῦπά
1191 2691 1261 2757 τῶν

190 2799 343 2863 πολιτῶν
365 2801 718 2883 καταναλισκομένων,
741 2793 759 2862 ίί
782 2823 819 2862 τε
842 2797 903 2877 τῆς
925 2789 1055 2869 πόλεως
1070 2788 1188 2874 τόπος,
1205 2800 1259 2865 καί

189 2897 209 2970 ῦ
232 2901 325 2989 παρά
349 2907 409 2973 τοῦ
433 2909 521 2975 θεοῦ
543 2900 693 2994 χρησμός
717 2904 976 2989 συμπαροξῦναι
993 2895 1126 2977 πάντας
1143 2909 1261 2989 ἐκτρυ-

183 3012 295 3102 ηησαι
317 3039 348 3080 ιι.
372 3041 401 3080 τ.
423 3016 454 3080 l.
509 3013 708 3098 Relinquitur
730 3011 834 3094 aliqua
866 3009 1021 3076 dubitatio
1042 3009 1075 3078 iu
1097 3011 1258 3095 participio

190 3117 421 3210 attenuatione.
530 3205 532 3210 Ι
593 3177 597 3184 .
1219 3133 1220 3138 ’

191 3373 194 3381 ’
244 3386 271 3452 *)
290 3386 358 3442 lbid.
378 3387 392 3442 f
408 3406 472 3446 sen:
501 3385 598 3460 ὅμοιον
617 3385 685 3446 ὄντα
703 3393 745 3464 τῷ
772 3386 1010 3461 προειρημένῳ
1038 3389 1098 3457 (pro
1116 3390 1172 3441 τῶν
1190 3407 1257 3455 προ·

292 3482 459 3551 ειρημὲνων).
488 3481 518 3536 P.
527 3482 581 3537 493
600 3481 618 3537 d
636 3498 702 3538 scm:
725 3485 788 3536 Νῦν
805 3479 838 3536 τὸ
859 3477 909 3548 μὲν
928 3477 1127 3547 ἐπιτιμώμενόν
1146 3477 1204 3534 ἔστι
1222 3483 1260 3562 τῷ

291 3577 392 3646 ποιητῇ
419 3569 463 3630 ὅτι
489 3574 555 3638 τοῦς
581 3571 632 3643 μὲν
660 3574 775 3638 λοιποὺς
803 3569 876 3629 εἶπε
903 3573 994 3642 (vulgo
1014 3570 1081 3640 ἔστι)
1109 3571 1261 3641 μογέοντας

186 3693 189 3698 ’
211 3724 213 3731 ,
291 3663 395 3735 αἐἰςειν
411 3665 443 3722 τὸ
458 3667 559 3734 ιδέπας,
578 3665 627 3722 τὸν
638 3664 669 3722 ti
681 3666 811 3736 Νέστορα
819 3666 906 3736 μόνον
917 3663 1042 3744 άμσηητί.
1069 3665 1100 3728 Ρ,
1111 3665 1163 3746 606
1175 3663 1189 3717 f
1199 3679 1259 3721 scu:

214 3751 218 3758 ¹
291 3753 374 3815 τοῦτοΙ
400 3760 425 3815 δ’
445 3761 521 3828 εἴπερ
537 3750 625 3824 οὕτως
643 3758 791 3833 ἀληθείᾳ
809 3759 869 3830 (pro
888 3757 1035 3830 ἀληθείας)
1054 3747 1121 3826 ἔχει,Ι
1137 3753 1205 3820 θεὸς
1224 3751 1259 3811 tv

291 3845 385 3924 εἰδείη.
396 3853 399 3860 ’
421 3855 451 3908 Ρ.
462 3853 513 3910 607
523 3853 541 3909 d
551 3869 615 3910 scr.:
636 3855 710 3908 δοκῶ
728 3843 779 3909 οὖν
798 3868 836 3922 σε,
855 3842 876 3905 ὦ
887 3851 1013 3918 Πλάτων,
1032 3848 1121 3906 πολλά
1131 3847 1202 3904 κατὰ
1213 3852 1261 3919 τῆς

291 3943 359 4015 ἐμῆς
392 3946 587 4012 ψεύσεσθαι
619 3945 680 4016 (pro
712 3944 879 4014 ψεύδεσθαι.
907 3943 972 3999 con.
998 3943 1061 4000 Pur.
1088 3941 1262 4012 ψεύσασθαι)

290 4042 422 4110 κεφαλῆς.
694 4059 696 4064 ·
801 4107 803 4110 Ι
867 4058 871 4062 ·
968 4105 970 4110 Ι
1123 4100 1127 4110 ,-

228 4132 273 4200 **)
291 4133 320 4186 Ρ.
339 4132 393 4187 614
411 4149 426 4188 e
445 4147 498 4187 scr.
519 4129 687 4187 ἀπέλαυεν
704 4146 755 4201 pro
775 4129 934 4187 άποίαῦειν.
960 4200 964 4204 ,
