3008 4654
294 308 356 372 244
662 308 722 364 Lib.
741 308 776 362 11.
797 307 863 378 Gap.
882 311 915 364 V.

253 505 302 585 iis,
337 505 389 589 qui
422 504 454 570 in
488 506 537 572 bis
572 506 769 590 expediendis
799 506 1003 585 elaborarunt,
1027 505 1207 583 attendisse,
1229 525 1324 590 quam

256 613 374 678 incerto
389 617 421 679 et
435 613 546 678 vitioso
561 613 686 679 tibicine
702 613 891 678 coniecturas
907 611 1044 694 proxima
1058 613 1152 677 verba
1171 609 1324 677 fulcirent.

255 718 370 786 Omnes
392 721 473 786 enim
495 719 561 785 sine
582 719 647 786 ulla
673 717 868 784 dubitatione
897 718 1198 784 accusationem
1229 721 1324 785 anb-

254 825 336 890 isse
359 825 506 902 scribunt,
529 826 643 892 codicis
664 825 755 891 unius
777 824 955 907 interpolati
984 824 1169 890 auctoritaie
1199 824 1324 898 confisi;

256 950 360 997 verum
394 949 492 1015 usqne
524 931 588 996 ullu
619 931 711 998 modu
743 930 808 996 rari
831 929 932 996 simile
954 933 1003 996 cst
1023 929 1184 996 librarium
1207 931 1323 998 codicis

258 1036 391 1104 Medicei
412 1041 467 1103 ant
488 1038 563 1114 eius,
587 1055 677 1121 quem
694 1037 744 1105 bic
757 1035 909 1120 exprimit,
930 1037 1030 1104 tribus
1044 1036 1158 1104 litteris
1174 1037 1239 1104 aine
1260 1039 1326 1105 nlla

256 1145 365 1210 erroris
386 1163 479 1212 cansa
502 1143 625 1210 omissis
650 1144 874 1210 nominativum
905 1162 942 1209 cx
971 1145 1145 1211 accusativo
1175 1145 1323 1222 effecisse,

256 1269 355 1334 usque
377 1252 516 1317 subire
538 1251 841 1318 accusationem
864 1251 977 1317 Latine
999 1249 1031 1316 id
1056 1251 1218 1334 significat,
1242 1252 1324 1335 qnod

255 1356 389 1442 intelligi
411 1357 527 1435 volunt,
549 1357 604 1423 sad
628 1374 751 1441 prorsus
772 1357 969 1423 contrarium.
1019 1357 1101 1424 Nam
1132 1359 1214 1422 mala
1243 1359 1326 1442 peri-

257 1464 388 1547 culaqua
418 1466 450 1529 et
479 1464 631 1530 molestia
661 1465 839 1542 subeuntur,
863 1464 901 1530 da
923 1465 1098 1532 actionibus
1120 1464 1325 1546 suscipiendis

256 1590 409 1655 nusquam
430 1569 489 1636 boc
511 1573 636 1638 verbnm
660 1571 794 1655 ponitur,
824 1590 924 1654 neque
953 1570 1054 1655 magis
1076 1571 1238 1654 qnisquam
1261 1590 1327 1636 ao·

257 1679 513 1748 cusationem
542 1677 680 1744 subire
705 1679 743 1743 de
765 1696 802 1743 ca
823 1677 1011 1744 confidenter
1033 1677 1225 1760 suscipienda
1248 1677 1328 1744 dixit

258 1806 350 1872 quam
373 1785 458 1852 verbi
482 1803 576 1850 causa
598 1785 891 1862 defensionem,
922 1785 954 1850 ct
982 1784 1241 1868 quemadmodum
1263 1787 1328 1850 iu·

258 1894 406 1959 dicium
429 1893 542 1958 subit
563 1890 927 1970 (Cic.Partit.cr.100),
950 1890 1003 1975 qui
1024 1909 1095 1956 reus
1116 1890 1162 1968 fit,
1186 1911 1253 1970 non,
1276 1895 1328 1976 qui

257 2000 357 2080 iudex,
380 2000 426 2066 sic
448 1999 677 2066 accusationem
701 1999 794 2076 subit,
817 1999 870 2081 qni
892 2001 1062 2075 accusatur,
1082 2015 1153 2078 non,
1169 2000 1222 2082 qni
1237 2017 1328 2065 accu-

259 2106 316 2172 sat.
363 2107 477 2171 Amata
510 2105 608 2187 igitur
639 2105 718 2170 laiss
746 2103 848 2188 spacia
877 2105 1022 2171 orationis
1052 2103 1273 2190 coniungenda
1302 2107 1329 2172 si

259 2211 440 2278 redierimus
462 2213 501 2277 sd
523 2216 625 2276 totum
648 2209 804 2289 mendum,
827 2211 908 2295 quod
929 2211 1104 2278 continetur
1118 2211 1232 2278 litteris
1248 2213 1330 2278 inter

259 2323 402 2403 sponte
439 2322 471 2383 ct
507 2318 670 2384 subisse
705 2317 905 2401 interpositis,
940 2318 1202 2395 considerandum,
1237 2319 1328 2404 longe

260 2425 346 2492 alind
369 2426 496 2492 subesse
518 2426 717 2509 reperiemus,
749 2425 787 2492 ad
813 2427 913 2491 totam
936 2427 1121 2492 sententiam
1144 2429 1176 2490 st
1197 2426 1237 2491 ad
1258 2445 1331 2491 one-

259 2533 387 2606 randam
409 2533 528 2617 Reguli¹
553 2531 714 2598 infamiam
743 2531 949 2614 aptissimam,
973 2533 1151 2616 emergente
1173 2532 1286 2598 indicio
1312 2552 1330 2597 c

260 2638 375 2705 litteris
398 2640 762 2734 exspu[accu]satic.
811 2639 982 2722 Scripserat
1004 2641 1086 2704 cuim
1110 2638 1247 2717 Tacitus,
1270 2638 1331 2704 nisi

260 2745 359 2825 fallor,
383 2743 423 2825 nd
437 2745 517 2811 banc
537 2745 686 2822 formam:
708 2747 870 2828 sponte,
887 2739 1048 2812 excusatis
1065 2743 1231 2827 <albs>,
1247 2746 1331 2811 sub-

261 2853 344 2928 isse
380 2851 542 2917 iuvenis
579 2847 790 2918 admodum
965 2852 1189 2917 videbatur.
1252 2849 1332 2916 (lum

261 2959 367 3037 ceteri,
401 2977 477 3042 qnos
508 2957 590 3023 Nero
625 2958 665 3024 ad
697 2958 833 3024 nobilem
864 2958 1016 3024 familiam
1038 2956 1235 3025 evertendam
1257 2958 1332 3022 sub-

261 3083 370 3131 ornare
399 3065 527 3131 oonatns
562 3068 637 3143 erat,
677 3064 922 3132 excusationibus
957 3064 1007 3129 nsi
1044 3065 1157 3141 essent,
1193 3063 1332 3148 Regulus

262 3171 368 3250 subiit,
383 3170 442 3236 buc
457 3173 514 3249 est,
530 3169 654 3238 illorum
668 3170 734 3238 locu
751 3170 899 3238 successit
913 3189 1042 3255 seseque
1057 3168 1179 3236 obtulit.
1201 3169 1332 3237 Initium

263 3276 367 3344 mendi
400 3279 504 3343 utrum
537 3277 576 3343 ab
608 3278 704 3345 aliis
736 3284 806 3361 post
838 3277 937 3344 ·atis
969 3277 1083 3343 omisso
1113 3297 1151 3342 an
1179 3296 1198 3342 a
1227 3276 1333 3342 minus

262 3385 421 3452 intellectu
459 3385 492 3449 ct
530 3382 676 3451 disuacte
719 3383 937 3451 excusandi
973 3383 1065 3450 verbu
1103 3382 1334 3468 substitutoque
1371 3451 1390 3466 ‚

263 3628 446 3636 ——-———---
469 3627 497 3633 --

362 3781 448 3838 luisse
466 3797 563 3850 nuper,
591 3781 638 3850 qui
659 3780 772 3836 subesse
795 3786 907 3852 putaret
930 3786 1051 3850 sponte
1075 3795 1188 3837 senum
1212 3795 1335 3834 consu·

364 3874 484 3930 larium
503 3873 769 3942 accusationem,
788 3873 940 3929 litterarum
958 3889 997 3928 ax
1010 3873 1112 3928 oblitus
1125 3889 1176 3928 nec
1191 3873 1336 3928 declarare

366 3983 457 4038 operte
475 3966 596 4036 pretium
614 3973 699 4034 xatus,
718 3984 773 4035 quc
792 3966 901 4022 amandi
919 3981 1020 4036 genere
1039 3981 1127 4036 quove
1143 3949 1269 4021 notarum
1283 3981 1337 4020 usu

365 4060 496 4129 deceptus
523 4058 654 4114 librarius
682 4075 778 4116 senes
805 4061 1001 4117 consulares
1033 4060 1062 4114 in
1089 4063 1227 4114 senatus
1255 4045 1337 4113 con·

366 4153 490 4208 cultum
508 4159 676 4210 commutare
697 4153 825 4223 potuerit.
