3012 4652
283 226 343 290 m
640 227 905 300 mmmm

240 442 360 490 causa
381 431 466 502 (nam
489 425 555 492 sine
577 443 670 494 causa
691 445 730 492 ac
753 446 823 492 cum
845 445 938 494 eausa
958 427 1098 493 additum
1125 427 1183 494 hoc
1203 428 1312 508 fuerit,

239 529 459 598 nihilomnino
482 532 585 612 adid,
610 532 648 598 de
670 553 731 617 quo
752 533 857 600 Cicero
880 533 998 613 scribit,
1028 533 1174 618 pertinet)
1197 538 1229 601 et
1248 533 1313 600 ita

239 637 390 702 factum
413 640 484 704 est.
529 638 732 706 Scribendum
753 639 892 707 videtur:
925 639 997 706 hoc
1018 643 1150 706 aut-em
1172 640 1216 706 de
1237 659 1307 723 po·

238 743 350 826 pulis
378 743 528 811 liberis
557 746 591 812 irr
620 763 692 813 eam
713 763 844 813 causam
873 746 1054 812 additum
1085 748 1124 812 et
1150 745 1312 814 infartam

240 855 301 917 cst
322 854 460 931 (essee)
484 872 501 918 a
523 853 557 919 P.
580 853 758 920 Servilio
781 853 886 920 filio.

340 992 476 1074 Ibidll,
497 996 525 1074 l,
541 997 579 1059 5:
602 995 670 1060 sed
693 1013 765 1080 ego
785 995 900 1062 illam
923 994 1092 1074 (Clodiam)
1115 994 1182 1060 odi
1203 994 1312 1062 male

240 1099 512 1178 consularem3
544 1100 616 1187 [ea]
646 1103 708 1166 est
739 1103 842 1167 enim
872 1102 1090 1183 seditiosa,
1120 1105 1192 1182 [ea]
1223 1120 1306 1168 cum

239 1205 325 1274 viro
358 1206 507 1273 bellum
540 1207 666 1293 gerit,
699 1226 825 1290 neque
854 1208 984 1274 solum
1015 1227 1100 1275 cum
1122 1207 1310 1285 Metello,

240 1311 309 1378 sed
347 1313 469 1378 etism
508 1333 593 1380 eum
632 1312 772 1394 Fabio,
812 1315 914 1398 quod
946 1333 1013 1381 eos
1045 1313 1084 1380 in
1117 1314 1189 1382 hoc
1221 1333 1313 1380 esse

241 1420 410 1486 moleste
442 1421 531 1487 fert.
591 1420 736 1486 Extrema
767 1421 832 1488 bac
864 1420 896 1488 in
931 1421 964 1486 M
999 1421 1100 1504 prima
1134 1440 1227 1486 manu
1262 1419 1311 1486 sio

240 1528 429 1595 scribuntur:
463 1545 529 1594 eos
562 1545 650 1592 esse
682 1528 720 1594 in
748 1527 820 1594 hoc
843 1547 930 1596 esse
953 1529 1124 1594 molesto
1146 1525 1244 1606 lert,
1271 1545 1308 1592 er

240 1653 300 1718 quo
323 1634 471 1701 allicitur:
493 1633 595 1717 quod
617 1653 682 1699 eos
705 1654 792 1700 esse
814 1636 1002 1703 innocentes
1021 1635 1195 1701 moleste
1217 1633 1311 1698 lert.

240 1741 378 1809 Clodiam
409 1740 512 1808 dicero
540 1740 619 1807 dicit
647 1739 810 1806 Metellum
838 1742 871 1806 ct
898 1741 1028 1808 Fabium
1056 1741 1159 1808 odisse
1189 1740 1309 1806 nullam

240 1851 333 1918 aliam
364 1850 402 1915 ob
435 1867 572 1926 causam,
606 1847 665 1912 nisi
695 1847 776 1932 quod
806 1866 825 1912 a
853 1847 952 1916 clodii
974 1849 1146 1933 Glodiaeque
1168 1848 1253 1915 vitiis
1274 1847 1312 1913 eb

240 1956 403 2024 sceleribus
431 1956 622 2022 abhorreant.

340 2097 419 2164 lbid.
435 2097 465 2175 7,
482 2097 516 2162 l:
540 2095 756 2162 Orationes
778 2100 910 2162 autem
932 2117 950 2164 a
972 2117 1028 2164 me
1050 2097 1145 2162 duas
1168 2097 1313 2180 postu-

239 2205 316 2284 las,
340 2221 505 2287 quarum
527 2203 698 2267 alteram
719 2222 791 2269 non
814 2204 974 2270 libebat
997 2203 1096 2269 milri
1117 2204 1312 2282 scribere,

241 2313 306 2396 qui
327 2309 544 2390 abscircm,
567 2310 757 2390 alteram,
779 2330 826 2376 ne
847 2311 1053 2378 laudarem
1076 2331 1178 2391 eum,
1194 2328 1311 2394 quem

240 2437 315 2488 corr
336 2418 522 2484 amabam.
566 2418 611 2482 Ex
631 2417 771 2502 vestigiis
790 2418 964 2484 litterarum
987 2418 1052 2484 erui
1075 2418 1210 2484 ridetur:
1233 2415 1312 2503 quia

240 2525 377 2595 obscura
398 2525 481 2592 erat.
535 2526 572 2590 In
606 2524 735 2590 minutis
767 2525 800 2590 et
830 2525 1005 2591 difficilibus
1034 2525 1124 2590 rebus
1153 2524 1313 2590 versatam

240 2653 307 2700 esse
342 2633 511 2698 orationem
542 2651 599 2698 noc
635 2633 729 2698 ullam
762 2631 915 2697 luminum
950 2633 1139 2699 occasionem
1162 2629 1309 2696 babuisse

239 2739 443 2826 significat.*l

339 2878 419 2946 lbid.
444 2879 492 2958 16,
520 2881 556 2944 42
585 2878 625 2944 Si
656 2899 816 2962 possum
849 2879 1076 2959 discedere,
1112 2897 1157 2946 ne
1190 2897 1314 2945 causa

240 2987 394 3070 optima
423 2986 461 3050 in
484 2986 628 3051 senatu
648 2989 806 3069 pereat,
840 3005 910 3071 ogo
943 2986 1202 3052 satisfaciam
1234 3004 1309 3068 pu·

239 3093 416 3159 blicanis
432 3093 490 3156 cet.
513 3091 567 3158 Ne
583 3111 636 3174 pro
657 3091 733 3173 ita,
751 3096 793 3160 ut
807 3113 880 3160 non
897 3093 990 3177 (odore
1004 3095 1094 3180 does)
1111 3093 1171 3159 dici
1190 3092 1311 3176 nequit,

241 3217 338 3283 neque
371 3198 583 3264 discedere
616 3204 722 3284 aptum
754 3203 811 3266 est.
864 3201 918 3266 Ne
948 3220 1017 3267 cum
1048 3199 1307 3267 satisfaciam

239 3304 487 3390 coniungendum
509 3308 572 3385 est;
607 3307 712 3374 Oioero
746 3308 827 3373 enim
859 3327 891 3372 se
920 3306 991 3373 ideo
1021 3308 1193 3390 publicanis
1215 3307 1312 3373 satis-

238 3416 390 3480 facturum
412 3413 497 3493 dicit
519 3433 558 3478 ne
581 3413 699 3497 optima
726 3431 828 3493 cause,
855 3413 913 3480 hoo
936 3415 993 3494 est,
1018 3415 1169 3498 equestris
1192 3413 1314 3481 ordinis

239 3539 308 3586 cum
331 3524 441 3585 senatu
462 3521 643 3599 coniunctio,
666 3520 698 3585 in
715 3523 823 3586 senatu
838 3522 952 3605 pereat.
988 3522 1098 3605 Itaque
1114 3520 1308 3587 scribendum
1346 3539 1354 3550 “

239 3626 361 3709 opinor:
384 3625 424 3690 Si
444 3645 604 3708 possum
628 3626 786 3706 decidere,
814 3628 871 3694 boo
893 3629 949 3708 est,
973 3631 1062 3714 quasi
1084 3647 1155 3695 oum
1177 3629 1308 3712 utraque

239 3734 332 3816 parte¹
346 3733 460 3818 pacisci
482 3732 549 3816 (edo
573 3732 782 3814 Oompromdsc
801 3734 935 3820 dedeo).

293 3989 320 4055 *l
337 3990 380 4044 De
409 3989 487 4058 14,2
515 3988 570 4043 dixi
596 3989 626 4044 in
653 3989 872 4059 ephemeridibus
897 3991 1100 4060 Gallicisque
1118 3989 1312 4046 inscribuntur

338 4101 409 4136 revue
428 4086 458 4134 de
475 4084 601 4150 philoloyr'o
620 4082 690 4140 1878
708 4099 734 4152 ι).
754 4083 813 4140 186.
865 4086 869 4095 “
