3012 4652
544 259 545 264 ἵ
584 293 724 350 Ciceronis
743 293 876 364 epistolae.
1162 292 1221 356 175

194 445 335 570 (liuere
366 493 429 560 iam
460 493 587 560 Klotzio
615 492 649 557 in
674 495 809 558 mentem
832 493 981 572 venerat.)
1035 490 1139 558 Etiam
1160 491 1191 556 in
1214 509 1266 574 ep.

196 602 243 680 18,
262 603 277 662 1
295 600 359 679 (16,
375 601 417 682 9),
439 600 492 666 777
514 599 711 682 transpositio
726 598 932 666 Mommsenio
954 617 1077 668 suasore
1098 616 1117 664 a
1138 597 1263 664 Baitero

191 707 317 791 recepta
337 726 445 790 parum
470 706 632 785 satisfacit,
654 706 765 772 folium
787 705 935 773 excidisse
957 705 1089 773 videtur.

293 848 371 914 lbid.
395 848 431 927 V,
454 848 483 926 3,
509 849 544 913 1:
567 846 669 927 Quid
697 846 742 911 de
763 846 826 913 his
849 847 1005 932 cogites
1028 850 1066 913 et
1088 845 1259 930 qnando,

192 955 297 1022 scire
329 955 458 1022 velim.
508 953 657 1019 Mendum
680 972 740 1019 non
764 953 812 1019 est
831 952 864 1018 in
891 954 1063 1038 qnando,
1086 951 1193 1018 sedin
1217 952 1265 1018 de

190 1061 262 1128 his.
285 1061 422 1128 Verbum
445 1059 537 1140 enim,
556 1061 641 1144 ¹quod
664 1063 711 1128 777
732 1061 885 1146 cogito,
907 1079 968 1127 non
982 1059 1090 1126 iudicii
1106 1059 1203 1126 Attici
1218 1059 1256 1125 de

191 1169 364 1236 rumoribus
387 1168 433 1245 (id
454 1171 551 1235 esset:
574 1167 679 1248 Quid
700 1185 767 1233 sen
775 1168 880 1248 7777),
900 1168 954 1233 777
976 1161 1221 1233 consiliorum
1196 1185 1263 1250 srg·

190 1275 303 1342 nificat·
281 1278 394 1341 troncm
427 1275 589 1342 habetet
619 1275 754 1358 pertinet
786 1273 825 1340 ad
858 1271 986 1353 itinera,
1031 1275 1161 1358 quaed
1135 1272 1263 1338 Atticus

190 1383 414 1460 meditabatur;
443 1383 481 1448 cf.
505 1401 553 1465 ep.
576 1383 605 1462 5,
629 1381 752 1459 aera,
776 1381 849 1446 aea
872 1400 918 1464 77.
942 1383 970 1443 7.
1022 1379 1209 1446 Cicero't
1150 1379 1194 1464 rgi
1196 1382 1256 1460 tur,

191 1494 304 1574 etqno
319 1489 473 1573 proficisci
489 1488 615 1573 cogitet,
633 1488 784 1572 quaerite
769 1487 953 1571 e3tquando
975 1487 1059 1570 prior
1078 1487 1262 1571 quastionis
1288 1545 1290 1548 ,

189 1615 259 1680 7777
281 1596 359 1662 latet
381 1596 437 1662 sub
458 1595 513 1661 illo
537 1596 581 1661 de
602 1595 674 1661 his.
729 1592 839 1660 Mihi
830 1612 861 1658 77
884 1594 1023 1660 mentem
1056 1594 1184 1661 uenerat
1212 1595 1259 1660 de

189 1703 285 1784 villis,
308 1703 453 1789 Ussingio
476 1703 521 1770 de
543 1702 613 1770 viis

290 1844 370 1910 lbid.
392 1848 422 1928 4,
447 1847 484 1910 4:
507 1845 606 1910 Dum
640 1846 729 1910 acta
763 1846 801 1910 77
832 1844 1097 1911 7777777771
1119 1843 1261 1925 etiam,

22 2007 23 2010 ,
154 2008 157 2014 .
189 1953 222 2018 77
245 1970 318 2037 qua
340 1953 451 2019 certa
472 1949 595 2015 habes
618 1949 662 2016 de
684 1949 854 2032 Gaesare,
878 1953 1077 2035 exspecto.
1106 1952 1148 2016 Et
1170 1951 1260 2017 dnm

188 2078 316 2142 7777777
338 2059 394 2138 777,
418 2057 450 2123 77
471 2056 561 2122 7777
582 2074 816 2145 777777777777
838 2059 1011 2126 rumoribus
1030 2056 1255 2142 coniunguntur

188 2169 220 2232 et
255 2165 409 2232 contraria
444 2164 599 2247 ponuntur
634 2163 735 2230 cartis.
815 2165 1032 2233 Scribendum:
1076 2165 1256 2232 llumtaxat

187 2290 366 2339 rumores
387 2271 452 2338 rel
474 2269 612 2352 etiam,
635 2269 758 2355 siqua
775 2274 1023 2341 certahabes
1039 2275 1082 2339 77
1099 2271 1261 2353 (777777,

187 2381 384 2463 77777777.
430 2378 548 2444 Saltem
572 2397 710 2444 rumores
733 2381 882 2463 perscribi
913 2382 989 2462 7717,
1020 2381 1046 2446 77
1075 2380 1153 2446 77777
1174 2378 1255 2444 77771

186 2486 236 2553 777.
296 2487 342 2553 Da
373 2506 420 2569 ep.
454 2487 472 2547 7
507 2485 540 2551 77
572 2485 609 2549 77
642 2503 688 2568 77.
725 2485 773 2566 11,
807 2488 826 2550 6
856 2488 917 2554 dixi
941 2489 972 2554 in
1006 2484 1256 2570 ephemeridibus

186 2592 324 2673 Gallicis,
354 2611 422 2676 quea
451 2590 662 2657 inscribuntur
686 2607 778 2658 revoc
807 2593 844 2658 dc
867 2593 1045 2678 pbatolopa'e,
1068 2612 1094 2658 a.
1120 2593 1199 2655 1878
1223 2610 1252 2673 p.

186 2700 245 2762 177
269 2718 483 2782 summamque
506 2697 724 2781 disputationis
753 2698 923 2782 significari
945 2701 978 2766 in
1000 2699 1079 2766 libro
1103 2699 1140 2764 de
1162 2697 1258 2764 insti·

186 2807 263 2872 tutis
286 2805 330 2872 777
351 2807 483 2888 publices
505 2807 650 2872 Romanae
673 2805 732 2872 vol.
755 2806 787 2870 lI
808 2826 838 2891 p.
862 2807 903 2870 60
924 2825 970 2890 eq.

161 2985 164 2990 ·
286 2959 363 3025 lbid.
382 2960 429 3038 12,
446 2960 482 3021 2:
505 2959 558 3023 De
581 2958 775 3024 Messalla
796 2957 843 3024 ad
865 2962 903 3025 te
925 2958 1083 3038 statim,
1112 2957 1156 3024 77
1186 2976 1257 3023 an·
1338 2943 1341 2951 ’

186 3065 287 3146 7777,
320 3067 364 3131 77
398 3065 526 3150 Gyaro
561 3065 651 3130 dedi
680 3066 864 3146 litteras,
888 3065 1139 3149 etidipeum
1162 3084 1253 3130 con·

185 3172 325 3238 silium
349 3173 530 3237 nostrum
553 3169 672 3236 etiam
702 3173 747 3237 ad
769 3172 1048 3252 Hortensium,
1078 3173 1140 3237 oui
1163 3171 1258 3255 qui·

185 3278 268 3346 dem
302 3280 420 3346 valde
454 3277 744 3365 subopertae.
792 3279 912 3346 Vitiata
940 3278 1082 3364 quaedam
1112 3278 1163 3344 hic
1186 3296 1260 3344 esse·

184 3385 380 3452 manifestum
399 3388 455 3452 est.
492 3385 630 3452 Primum
648 3387 729 3452 enim
745 3405 799 3454 777
815 3387 918 3452 Cicero
933 3385 1074 3454 Atticum
1090 3384 1252 3450 certiorem

185 3493 269 3573 facit,
293 3513 326 3559 77
349 3492 388 3558 77
411 3507 481 3559 cum
504 3491 597 3558 biduo
619 3496 689 3559 ante
712 3492 751 3560 de
767 3491 914 3558 Messalla
928 3491 1110 3574 scripsisse?
1132 3489 1252 3555 Deinde

183 3599 407 3682 proximailla:
431 3601 470 3666 et
491 3598 530 3663 id
552 3599 682 3682 ipsum
704 3599 1117 3664 consiliumnostrum
1133 3596 1254 3663 etiam

184 3705 229 3772 ad
250 3705 514 3772 Hortensium
537 3725 592 3770 nec
613 3705 799 3770 structuram
821 3723 877 3770 nec
898 3702 1095 3783 sententiam,
1120 3703 1253 3768 utnunc

184 3815 367 3893 scribuntur,
389 3814 501 3879 habere
522 3812 676 3886 77777777.
724 3811 786 3878 Res
808 3812 853 3878 sic
879 3811 985 3877 habet:
1018 3810 1144 3877 Atticus
1166 3809 1258 3876 Oica-

183 3939 289 3988 ronem
313 3920 472 3986 certiorem
494 3920 616 4000 fecerat,
639 3917 818 3984 Messallam
840 3917 952 3984 iudicio
974 3916 1149 3984 absolutum
1173 3935 1249 3995 7777,

183 4024 761 4111 7777777777,777707777717777777
784 4025 864 4091 77777
886 4026 956 4110 grta
942 4023 1102 4090 tularetur
1147 4022 1254 4090 Cicero

183 4132 215 4198 id
239 4151 271 4198 se
294 4133 342 4198 sta
343 4134 401 4199 tim
423 4131 533 4200 fecisse
554 4131 765 4218 respondete
750 4132 781 4198 et
809 4151 871 4214 777
873 4135 957 4200 terea
978 4149 1033 4198 suo
1055 4131 1156 4214 ipsum
1179 4149 1257 4196 con
