3008 4650
542 312 681 366 Ciceronis
699 315 809 367 Brutus.
945 321 946 324 ’
1113 316 1169 377 107

146 509 223 574 ritas
252 508 311 574 hoc
339 515 443 574 tamen
475 510 541 575 loeo
573 513 741 582 excusatur,
769 510 849 595 quod
880 515 962 577 recte
989 510 1085 577 sensit
1111 510 1214 594 inepte

144 616 207 680 dici
229 615 362 700 aliquem
386 617 465 681 rivis
487 615 553 680 eius
575 617 745 699 aequalibus
769 622 919 682 oratorem
944 619 1055 682 bonum
1071 618 1214 683 habitum

144 741 223 789 esse.
280 720 359 801 Quid
391 723 523 805 aequales
553 723 590 786 de
620 722 721 805 aliquo
745 723 883 788 iudicent
905 723 1116 804 indicarimus,
1138 724 1214 808 quid

145 827 271 910 posteri,
295 829 450 911 quaritur,
467 849 527 894 non
546 829 620 912 quid
640 829 718 894 rivis
734 829 901 912 aequalibus
917 829 1088 896 iudicatum
1106 832 1213 907 luerit;

144 933 260 999 mortui
283 935 365 998 enim
387 934 467 999 nihil
488 934 634 1002 iudicant.
686 935 747 1000 Sed
769 936 874 1001 mendi
897 936 1052 1002 manifesti
1077 936 1216 1002 difficilis

146 1045 177 1106 et
198 1041 316 1106 incerta
337 1042 482 1107 correctio
505 1043 562 1125 est,
592 1043 651 1107 uisi
676 1043 756 1124 quod
778 1041 953 1124 praepositio
975 1045 1021 1109 ab
1043 1044 1213 1109 necessario

146 1147 261 1230 requiri
294 1147 416 1212 videtur
455 1149 513 1218 (ab
553 1148 776 1231 aequalibus
821 1193 859 1209 ..
903 1150 1214 1222 numerabatur).

146 1253 211 1320 Hoc
242 1273 427 1337 persequens
461 1254 627 1338 vestigium
660 1254 810 1338 originem
841 1255 944 1320 mendi
969 1273 1019 1318 me
1042 1253 1214 1335 repperisse

147 1360 221 1441 puto
243 1359 376 1443 positam
398 1361 431 1425 iu
452 1360 616 1426 omissione
639 1362 758 1444 aliquot
779 1363 964 1438 litterarum,
995 1361 1075 1442 quod
1099 1358 1214 1424 'eadem
1258 1415 1261 1420 .

146 1469 201 1532 aut
221 1486 314 1550 prope
337 1467 451 1532 eaedem
476 1469 523 1532 bis
546 1467 713 1535 scribendae
736 1468 847 1532 essent.
901 1466 1016 1550 Opinor
1032 1466 1112 1530 enim
1129 1465 1216 1530 Cice·

148 1593 250 1640 renem
284 1574 459 1655 scripsisse:
490 1576 627 1640 orator
660 1577 791 1638 autem
814 1577 877 1656 <a
898 1571 1094 1658 tem>poris
1127 1570 1217 1636 eius

148 1680 374 1764 aequalibus
395 1681 599 1762 proximus
621 1681 786 1764 optimis
809 1678 1105 1744 numerabatur.
1151 1677 1218 1742 Sae-

146 1786 218 1868 pius
240 1786 323 1851 enlm
348 1785 453 1853 Cicero
475 1805 534 1851 non
556 1787 646 1851 modo
669 1785 800 1852 hominis
816 1791 869 1851 aut
885 1785 937 1859 rei,
953 1786 1007 1850 sed
1026 1785 1119 1849 etiam
1135 1787 1215 1848 tem·

146 1895 228 1976 poris
251 1897 283 1958 et
303 1893 406 1958 aetatis
428 1893 565 1976 aequales
587 1892 689 1972 uixit,

251 2012 327 2078 lbid.
365 2012 442 2077 234:
480 2012 548 2094 qui
583 2011 649 2090 (On.
683 2011 845 2089 Lentulus)
879 2029 962 2074 eum
1000 2012 1109 2073 esset
1145 2027 1218 2073 nec

148 2123 383 2202 peracutus,
413 2138 648 2201 quamquam
678 2123 716 2184 et
744 2137 786 2182 er
817 2117 921 2180 facie
955 2118 994 2180 et
1027 2136 1068 2180 er
1102 2115 1219 2179 vultu

147 2225 383 2299 ridebatur,
416 2244 486 2290 nee
517 2224 724 2290 abundans
755 2224 908 2296 verbis,
940 2223 1020 2287 etsi
1043 2221 1221 2287 fallebat

146 2333 189 2397 in
227 2352 269 2398 eo
305 2333 411 2414 ipso,
447 2333 505 2397 sie
540 2331 796 2408 intervallis,
834 2329 1217 2403 exclamationibus,

144 2457 242 2504 uoce
265 2439 377 2503 suari
401 2439 440 2502 et
462 2457 621 2510 canora,
645 2435 879 2501 admirando
901 2434 1121 2511 irridebat,
1153 2453 1220 2499 ca·

151 2545 263 2610 lebat
283 2547 321 2610 in
344 2545 511 2628 agendo,
545 2547 586 2609 ut·
615 2563 673 2622 ea,
704 2562 785 2627 quae
807 2543 989 2612 deerant,
1012 2560 1084 2604 non
1107 2540 1217 2604 desi·

151 2653 400 2716 derarentur.
453 2647 513 2715 Hic
541 2668 662 2732 quoque
684 2646 930 2714 manifestissimi
952 2647 1065 2719 mendi,
1093 2647 1130 2711 de
1158 2665 1219 2729 quo

151 2776 238 2822 nemo
271 2757 402 2831 dubitat,
436 2756 572 2821 difficilis
602 2755 776 2821 emendatio
808 2756 865 2829 est,
897 2755 950 2818 sed
978 2755 1083 2818 tamen
1104 2753 1159 2826 ita,
1182 2754 1219 2817 ut

146 2863 268 2946 ‚aliquid
298 2863 341 2928 sit
369 2863 454 2930 certi.
507 2863 617 2946 Neque
651 2863 734 2927 enim
767 2860 901 2926 dubitari
935 2860 1046 2942 potest,
1080 2860 1153 2941 quin
1187 2861 1218 2924 in

152 2971 283 3035 Lentulo
307 2971 365 3035 duo
388 2969 529 3035 dieantur
550 2968 735 3040 excelluisse.
765 2970 897 3033 alterum
928 2969 1062 3049 positum
1089 2969 1120 3030 in
1151 2986 1219 3032 rer-

153 3079 261 3143 bcrum
284 3078 316 3142 et
337 3076 597 3158 pronuntiationis
622 3076 730 3154 forma,
753 3077 886 3140 alterum
907 3075 938 3140 in
961 3073 1090 3138 actionis
1112 3074 1221 3148 calore,

153 3187 317 3268 utrumque
349 3202 403 3248 suc
436 3183 527 3248 verbo
559 3184 710 3256 notatum,
742 3184 839 3248 altero
867 3182 907 3247 ad
936 3181 1085 3248 ablativos
1106 3200 1221 3262 praece·

153 3293 260 3356 dentes
292 3290 545 3367 (intervallis
578 3295 652 3367 cet.)
681 3289 920 3364 accommodato,
949 3289 1046 3354 altero
1075 3288 1114 3352 ad
1142 3287 1221 3352 illud

146 3397 190 3462 ‘in
224 3396 386 3480 agendo.
440 3397 549 3480 Itaque
578 3401 704 3478 apparet
730 3397 890 3478 anaphorae
919 3395 1017 3478 ligura
1044 3392 1219 3457 Ciceronem

147 3521 243 3570 usum
265 3504 310 3569 sic
331 3502 507 3586 scripsisse:
532 3503 590 3568 sic
611 3502 853 3568 intervallis
869 3552 875 3566 .
893 3551 900 3568 .
919 3549 925 3564 .
942 3547 948 3563 .
965 3497 1221 3583 tirridebat,

148 3610 283 3693 <ite>
315 3610 475 3675 calebat
513 3609 552 3673 in
592 3608 759 3692 agendo,
798 3609 840 3672 ut
872 3607 930 3672 eet.
992 3604 1111 3669 Deinde
1143 3601 1221 3666 illud

155 3733 275 3800 quoque
297 3718 416 3782 certum
438 3718 494 3793 est,
522 3714 621 3780 tribus
651 3715 715 3778 illis
744 3713 895 3786 ablativis,
926 3711 978 3794 qui
1008 3709 1100 3794 priori
1131 3709 1223 3774 verbo

149 3823 373 3906 adiunguntur,
397 3842 454 3888 nou
477 3823 612 3906 potuisse
634 3820 707 3886 addi
729 3820 870 3903 quartum
893 3818 1036 3902 gerundii
1052 3815 1223 3881 ablativum

150 3929 417 4005 (admira-udor
449 3931 486 3995 ad
516 3928 660 3994 effectum
692 3928 816 3992 illarum
839 3925 932 3989 trium
956 3943 1057 3988 rerum
1081 3924 1224 4006 spectan-

149 4039 227 4112 tem,
256 4054 328 4101 eum
350 4035 533 4120 praesertim,
561 4034 774 4116 quodcumque
796 4033 921 4097 verbum
945 4048 999 4114 pro
1021 4029 1225 4095 irridebat

152 4140 302 4226 posueris,
325 4143 391 4224 ipse
414 4141 565 4208 Lentulus
586 4139 732 4204 admirari
755 4137 883 4217 dicatur,
900 4157 959 4202 non
975 4137 1032 4203 alii
1047 4135 1223 4202 Lentulum.
