3008 4654
282 239 345 304 238
651 239 712 294 mn.
729 240 765 294 ιι.
784 241 850 323 cape
869 241 901 294 v.

240 455 316 504 non
337 437 498 521 quidem
521 439 723 512 odissent,
738 436 808 503 sed
825 441 957 504 tamen
973 437 1316 505 existimarentur

241 543 320 621 (cod.
342 544 425 610 bled
448 545 772 622 extimarentur).
808 545 917 629 Neque
936 545 1110 611 infinitivus
1131 542 1197 607 nllo
1218 541 1314 607 modo

240 651 286 718 sic
305 652 407 717 audiri
427 654 532 735 potest
558 660 647 730 (non
678 652 803 728 facio.
834 652 902 719 sed
936 652 1177 728 existimor).
1210 666 1311 732 neque

241 760 395 824 sententia
417 761 501 824 reeta
521 759 671 834 elicitum
699 777 771 824 uam
799 761 869 825 tota
896 778 946 824 res
973 759 1138 842 totumque
1158 753 1314 820 iudicium

239 865 272 930 in
294 866 531 942 existimatione.
560 865 700 930 odissent
727 865 776 931 illi
805 867 945 931 bomines
974 866 1191 947 imperatorem
1211 878 1310 926 necue

241 971 387 1050 edissent,
409 973 542 1056 positum
562 973 639 1049 erat
662 989 800 1055 quosque
821 991 856 1037 se
876 971 980 1038 odisse
997 969 1196 1036 ustimebet
1217 967 1314 1042 Nero,

240 1077 398 1160 puniebat,
420 1097 480 1144 non
501 1097 565 1153 eos,
586 1095 664 1161 quoe
686 1097 744 1142 non
766 1077 973 1143 existimabat.
1016 1077 1096 1142 Odio
1119 1073 1310 1140 eontrarium

240 1184 370 1250 Tacitus
391 1188 535 1267 posuerat
555 1185 655 1250 levius
675 1184 803 1260 odmen,
826 1185 881 1249 sed
901 1185 1006 1249 tumen
1027 1182 1092 1247 illis
1117 1179 1308 1264 temporibus

240 1308 300 1354 uon
323 1291 501 1356 terendum:
530 1291 648 1375 quasi
668 1289 897 1373 principem
918 1310 992 1355 non
1014 1287 1174 1373 quidem
1197 1284 1314 1350 odie-

241 1396 347 1474 sent,
370 1397 439 1463 sed
460 1399 592 1463 tamen
609 1397 819 1464 adurent
847 1395 917 1461 Non
933 1396 1005 1460 terri
1021 1395 1150 1478 peurel,
1166 1392 1311 1457 homines

241 1504 300 1568 boc
331 1503 392 1568 sibi
424 1505 613 1587 permittere.
645 1506 681 1568 ut
713 1503 752 1568 de
782 1502 903 1568 Caesare
933 1502 1106 1568 iudicarent
1134 1505 1176 1575 et.
1198 1496 1308 1582 quanti

238 1609 399 1675 habendus
420 1611 513 1688 esset
536 1611 727 1675 estimarent
749 1608 825 1692 (den
838 1609 958 1676 Kaiser
977 1631 1019 1676 eu
1040 1606 1229 1676 bewdrdleu
1242 1604 1318 1671 und

239 1716 468 1802 wiirdipere).*)

347 1869 532 1951 loiuxv1,
558 1871 613 1934 16:
648 1870 712 1935 Ira
743 1868 820 1935 illa
849 1869 1053 1934 numinum
1079 1866 1118 1932 iu
1147 1886 1210 1934 res
1232 1868 1308 1932 Ro-

241 1995 376 2041 manas
397 1976 621 2061 luit‚quam
637 1996 710 2042 non
727 1980 768 2040 ut
786 1975 826 2041 in
845 1974 1034 2040 cladibus
1056 1975 1310 2042 exercituum

240 2086 309 2148 aut
346 2080 595 2164 captivitate
634 2083 791 2147 urbium
824 2083 947 2147 semel
984 2081 1094 2148 edito
1125 2081 1309 2148 transire

240 2190 351 2257 licet.
397 2189 448 2255 Sic
468 2206 549 2252 nuno
571 2188 682 2266 editur,
716 2195 748 2254 ιιι
772 2188 803 2255 iu
826 2187 932 2254 codice
960 2187 1042 2252 bled.
1072 2188 1221 2270 scriptum
1249 2191 1312 2264 est,

241 2299 460 2378 enarraturque
494 2293 532 2358 de
564 2293 699 2376 simplici
730 2293 854 2374 indicio,
890 2299 1082 2379 repugnante
1113 2294 1315 2360 uehementer

241 2401 385 2486 loquendi
407 2420 474 2478 usu,
497 2400 551 2483 qni
573 2419 672 2484 neque
694 2401 811 2466 edere
832 2403 877 2467 sic
897 2401 1037 2468 absolute
1058 2401 1192 2482 positum
1210 2418 1313 2484 neque

242 2508 396 2591 participii
433 2507 627 2590 praeteritum
661 2507 780 2591 recipit.
836 2509 936 2590 Vulgo
972 2507 1122 2573 edebatur
1157 2505 1312 2571 editam

240 2613 340 2680 nihilo
362 2614 493 2690 rectius;
526 2631 625 2696 neque
660 2614 753 2694 enim,
786 2613 911 2680 etiamsi
941 2615 1039 2679 iram
1074 2613 1192 2680 edere
1224 2614 1315 2678 recte

241 2719 303 2786 dici
335 2717 548 2796 concedamus,
581 2720 664 2802 quod
697 2719 825 2785 concedi
857 2721 980 2802 nequit,
1014 2721 1057 2784 ut
1090 2721 1241 2787 editam
1275 2722 1309 2785 iu

240 2823 444 2906 comparando
478 2824 517 2890 de
548 2824 699 2910 singulari
731 2844 841 2910 genere
869 2825 923 2890 ire
953 2825 1070 2891 dietum
1100 2827 1173 2894 terri
1195 2829 1309 2911 potest.

241 2931 442 2998 Scribendum
464 2932 531 2996 siue
553 2931 663 2998 dubie:
696 2937 738 2997 ιιι
770 2931 808 2996 iu
841 2932 1029 2999 cladibus
1058 2932 1308 2998 exercituum

239 3041 309 3104 ant
351 3037 599 3121 captivitate
643 3039 800 3105 urbium
845 3039 969 3105 semel
1005 3038 1093 3107 edite
1128 3039 1313 3105 transire

240 3145 357 3223 lieet,
386 3143 445 3211 boo
471 3147 528 3222 est,
559 3165 605 3222 ea,
634 3164 703 3229 quae
725 3146 823 3211 semel
845 3149 878 3211 et
898 3164 959 3212 uno
981 3146 1128 3229 temporis
1150 3145 1312 3211 momento

240 3251 373 3316 eduntur
394 3253 425 3316 et
446 3251 598 3317 accidunt.

293 3519 320 3587 *l
338 3520 380 3574 De
410 3535 432 3576 o.
457 3521 492 3575 57
522 3521 565 3575 vix
592 3522 638 3576 hic
664 3523 692 3576 iu
719 3523 841 3592 margine
869 3522 1053 3591 suspicionem
1078 3536 1182 3591 ponere
1210 3520 1311 3586 audeor

341 3614 513 3670 scribendum
526 3629 599 3670 esse:
614 3615 759 3670 clariore
777 3617 929 3686 exemplo
949 3615 1114 3670 libertina
1131 3615 1250 3670 mulier

341 3705 471 3762 alienos
490 3723 527 3762 ac
548 3724 653 3777 prope
676 3709 812 3778 ignotos
831 3709 982 3779 protegens
1000 3710 1062 3777 (pro
1082 3707 1307 3776 protegendo).

339 3798 484 3854 Ablutivus
502 3800 627 3868 gerundii
645 3817 734 3869 neque
752 3817 851 3871 perse
875 3808 939 3870 apte
962 3802 1120 3870 adiungitur
1144 3801 1227 3855 verbo
1253 3816 1311 3854 ex-

340 3892 466 3959 pressit
484 3900 512 3948 et
530 3895 616 3963 magis
637 3895 719 3948 etiem
739 3894 851 3949 offendit
867 3900 931 3964 post
944 3895 1058 3950 alterum
1070 3895 1147 3948 illum
1160 3894 1311 3948 ablativum

340 3984 483 4042 clariore
511 3987 673 4055 exemplo,
701 3985 736 4040 ed
760 4003 841 4056 quem
864 3992 956 4042 temen
978 4004 995 4042 e
1018 3988 1131 4044 librario
1155 4003 1309 4044 accommo-

340 4077 418 4132 datus
437 4079 554 4134 videtur.
