3008 4650
296 269 356 332 130
657 267 719 322 lab.
736 267 773 322 11
795 265 861 336 Cap.
879 266 916 322 Π.

251 468 313 531 nis
342 463 578 548 ceterisque
601 463 857 529 Sullanarum
878 463 1204 548 assignationum
1225 482 1321 545 pos-

250 571 485 638 sessoribus
518 571 689 656 agrariae
722 569 808 654 legi
841 577 881 637 et
914 569 1131 637 commodis
1165 567 1317 634 uestris

250 679 471 744 obsistere·
496 678 624 742 Prorsus
638 681 846 742 monstrorum
868 677 985 742 similes
1006 677 1039 741 bi
1060 683 1133 742 suut
1153 676 1316 760 tyranni,

249 786 390 852 homiues
422 803 458 849 ex
479 783 594 851 misero
616 789 649 848 et
670 784 775 868 egenti
797 784 995 850 Sullanorum
1015 782 1192 849 oolouorum
1212 800 1316 865 grege,

248 895 332 959 oerto
354 893 450 956 etium
473 908 600 956 numero
621 889 843 972 eompreheusi.
891 891 1027 970 Quorum
1047 887 1201 972 usquein
1222 906 1319 970 supe·

248 1000 380 1064 rioribus
416 997 606 1063 orationibus
641 1013 741 1078 neque
776 999 807 1062 io
844 996 962 1079 reliqua
999 995 1111 1060 borum
1142 998 1315 1079 temporum

248 1106 398 1172 memoria
417 1103 518 1166 ullum
538 1101 754 1167 tenuissimum
776 1102 945 1184 vestigium
968 1103 1111 1186 reperias.
1140 1102 1202 1166 Sed
1217 1104 1314 1166 maui-

247 1211 457 1278 testatorum
478 1210 678 1293 tyrannorum
699 1209 864 1292 ostorigo.
917 1209 999 1274 Nam
1021 1209 1128 1274 Cicero
1150 1209 1189 1272 ad
1216 1227 1314 1291 genus

247 1317 406 1384 hominnm
427 1313 663 1400 significandum
686 1333 782 1378 uuum
803 1318 837 1380 et
851 1315 983 1380 alterum
997 1335 1105 1380 nomeu
1120 1315 1312 1380 sermonibus

245 1425 331 1510 vulgi
346 1417 501 1488 'iactatum
530 1423 682 1506 posuerat,
711 1421 769 1486 bac
790 1423 938 1487 orationis
959 1423 1074 1487 forma:
1100 1441 1158 1486 me
1179 1421 1312 1506 grati·

245 1533 441 1616 licentem
480 1525 649 1616 Septimiis,
684 1527 854 1596 Turraniis
895 1530 1131 1612 ceterisque
1174 1527 1311 1593 Sulla-

245 1657 384 1704 narum
406 1634 733 1718 assignationum
762 1636 1081 1718 possessoribus.

343 1805 404 1871 Pro
426 1803 457 1869 (l
478 1801 612 1868 Ratira
641 1800 825 1888 (perduells)
853 1803 911 1867 24:
946 1804 999 1867 At
1027 1802 1061 1868 G.
1090 1802 1309 1874 Decianus,

243 1911 451 1994 ‹legno-tu
469 1927 580 1992 ,saepe
601 1913 905 1988 commemoras,
935 1911 1047 1993 quia,
1069 1928 1156 1976 enm
1180 1909 1307 1976 bomi-

245 2037 329 2083 nem
362 2016 548 2081 omnibus
580 2016 785 2099 insignem
813 2017 924 2082 notis
953 2014 1252 2099 turpitudinis,
1271 2015 1309 2080 P.

243 2123 421 2195 Furium,
444 2122 662 2187 accusaret
682 2141 830 2190 summo
852 2123 992 2190 studio
1012 2124 1203 2192 bonorum
1229 2142 1307 2188 om-

241 2231 368 2303 nimu,
390 2227 523 2312 .queri
558 2229 623 2292 est
657 2247 779 2294 ausus
810 2230 849 2295 in
880 2232 1072 2299 contione
1105 2231 1309 2308 ‹io-morte

242 2335 474 2408 Saturnini,
510 2335 807 2403 condemnatus
844 2342 924 2415 est,
961 2342 1001 2404 et
1035 2337 1115 2404 Sex.
1141 2337 1306 2415 Titius,

241 2442 346 2528 quod
366 2441 511 2507 habuit
532 2442 752 2525 imaginem
774 2442 809 2508 L.
833 2442 1052 2510 Saturnini
1079 2443 1185 2509 domi
1214 2461 1306 2525 sua,

241 2549 533 2616 condemnatus
553 2551 626 2614 est
665 2547 830 2632 vNusquam
846 2549 952 2622 Cicero
974 2551 1051 2616 duas
1072 2550 1242 2615 sententies
1262 2549 1307 2615 sio

240 2656 398 2740 copulatas
421 2657 528 2722 eodem
551 2658 645 2721 uerbo
665 2656 854 2723 terminarit
904 2657 1083 2723 Alterontro
1105 2656 1172 2722 loeo
1193 2654 1307 2722 tollen·

241 2766 314 2829 dum
336 2768 385 2830 est
406 2762 697 2828 condemnatus
719 2765 790 2828 est

301 2921 305 2926 ’
341 2923 606 2994 mararenses
622 2925 719 3007 Quis
741 2928 840 2992 mibi
861 2928 900 2992 in
923 2945 963 2992 re
984 2919 1148 3011 publiea
1168 2927 1306 3009 potest

239 3038 309 3100 aut
329 3033 451 3098 debet
474 3049 562 3098 esse
580 3034 838 3100 oouiunotior
859 3033 1042 3118 quomis,
1065 3033 1128 3100 oui
1150 3053 1213 3100 ros
1234 3051 1304 3116 pn·

239 3138 349 3205 blica
381 3156 400 3201 a
432 3156 490 3202 me
521 3157 599 3203 uua
634 3138 819 3206 traditur
853 3141 1115 3217 sustinenda,
1151 3141 1311 3222 maguis.

241 3244 340 3312 meis
361 3244 576 3310 laboribus
597 3246 637 3310 et
657 3246 859 3328 perieulis
881 3249 1142 3314 sustentata?
1174 3247 1304 3325 Mondo-

240 3371 308 3417 snm
331 3369 399 3416 esse
420 3369 494 3416 una
516 3350 616 3427 multi,
644 3369 683 3417 ue
705 3351 806 3418 dicam
834 3372 950 3434 omnes,
977 3352 1203 3431 intellexeruut,
1225 3351 1305 3435 quod

239 3457 291 3540 qui
313 3458 381 3522 tolli
403 3457 589 3540 simpliciter
608 3459 777 3537 uoluerunt,
806 3461 887 3526 nude
914 3465 1020 3527 natum
1045 3463 1141 3548 esset,
1171 3479 1303 3544 quarere

239 3567 271 3628 et
302 3563 402 3630 tinere
433 3566 522 3630 obliti
555 3567 645 3643 sunt,
678 3565 731 3649 qui
760 3567 920 3652 corrigere,
951 3566 1029 3631 nihil
1050 3567 1209 3649 probabile
1231 3567 1303 3632 offe-

238 3674 351 3736 oerunt.
404 3669 572 3756 Scripserat
601 3671 724 3739 Gioero:
757 3673 821 3738 oui
852 3675 902 3741 rei
923 3672 1061 3760 publiea
1083 3693 1101 3737 a
1122 3692 1179 3738 me
1207 3674 1303 3740 ruina

238 3775 419 3842 traditur
440 3777 683 3845 sustinenda
691 3826 796 3858 .....
819 3781 1065 3846 sustentata
1097 3779 1201 3846 Latini
1223 3782 1302 3846 enim

237 3883 362 3948 ruioae
376 3883 498 3950 nomine
511 3887 641 3951 utuntur
656 3885 693 3950 de
706 3886 774 3968 ipsa
788 3906 820 3950 re
834 3888 935 3952 ruenti
953 3887 1008 3951 aut
1021 3887 1142 3952 ruinam
1157 3888 1301 3964 minenti;

237 3987 344 4071 itaquo
366 4008 470 4056 eorum
494 3993 552 4058 usu
572 3992 663 4058 ruina
685 3991 856 4060 sustinetur
876 3996 908 4060 et
936 3993 1073 4068 fulcitur,
1102 4013 1141 4059 ne
1163 4013 1301 4062 sereres

238 4094 344 4172 oadat3
366 4100 438 4177 post
458 4096 522 4161 red.
544 4096 575 4160 iu
596 4116 659 4163 sen.
677 4099 716 4161 18
738 4095 979 4167 etiam'ruinae
1000 4101 1222 4180 consulum,
1244 4101 1301 4166 boo
