3008 4650
292 301 333 362 τι
662 299 723 354 nto.
740 300 763 354 r.
783 298 848 369 cap.
867 299 916 353 rv.

855 498 1083 584 Καταφαγεῐν
1162 525 1164 528 ·

335 596 439 677 ariade
460 595 593 668 τοσοῦτ’
616 595 790 690 α’ργάριον.
814 597 886 669 orr’d'
909 609 940 670 αι’
960 599 1047 690 γάλα
1071 604 1176 692 λαγοῦ

335 707 425 795 εἶχον
445 703 495 794 μά
519 703 585 795 τήν
605 709 672 798 γῆν
694 710 748 776 aci
773 704 873 784 ταάς,
897 706 1100 795 κατήσθιον.

352 827 402 894 Sic
429 847 510 893 nuno
525 827 655 904 .editur;
689 827 721 892 in
744 827 901 894 codicibus
924 829 1014 916 εἶχον
1037 826 1145 917 λαγοὺ
1165 825 1320 892 scribitur.

249 935 389 1018 Apparet
411 927 551 1016 perverse
573 935 607 999 et
627 934 848 1000 incredibiliter
877 935 1063 1001 sententiam
1096 938 1128 1000 ct
1150 933 1317 999 orationem

247 1041 381 1124 discerpi
413 1039 565 1106 infinitivo
601 1055 812 1128 καταφαγεῖν
835 1061 852 1105 a
874 1042 986 1107 ceteris
1007 1041 1159 1122 diiuncto;
1193 1040 1320 1121 integrae

250 1147 332 1211 onim
352 1147 463 1211 saltem
487 1147 525 1210 ad
547 1147 781 1230 grammaticam
806 1147 937 1214 ferulam
967 1147 1130 1213 eontentiae
1160 1146 1319 1227 poetarum

246 1254 288 1318 ab
312 1253 461 1318 Athenaeo
478 1258 646 1335 ponuntur.
680 1254 722 1319 Et
743 1255 850 1320 adesso
873 1254 1003 1326 videtur,
1027 1253 1108 1337 quod
1130 1269 1201 1318 cum
1217 1276 1320 1317 κατα-

247 1371 373 1447 φαγεῖν
395 1358 588 1425 coniunctum
612 1360 798 1425 sententiam
820 1360 936 1442 optime
957 1360 1086 1442 expleat,
1111 1358 1216 1446 εἶχονε
1250 1357 1319 1423 Nou

246 1467 390 1550 poteram
411 1466 477 1550 ipso
500 1466 804 1548 tautampeanniam
827 1469 995 1540 comedere.
1026 1464 1149 1532 etiamsi
1172 1466 1241 1542 oet,
1265 1461 1319 1540 sed

250 1591 341 1656 prave
374 1591 454 1637 nuno
486 1571 531 1636 sic
562 1575 707 1654 positum,
739 1574 775 1637 ut
806 1572 837 1636 in
868 1574 1056 1639 sententiam
1076 1571 1317 1639 condicionalem

247 1678 422 1744 necessario
453 1677 628 1744 includatur
648 1682 695 1756 (εἰ
726 1673 813 1767 γάλα
848 1681 953 1768 λαγοῦ
987 1679 1100 1766 εἶχον),
1134 1686 1318 1761 quamquam

251 1787 315 1850 bane
337 1801 459 1868 quoque
482 1785 636 1851 sententia
658 1786 788 1852 mirifica
802 1787 1049 1869 interpunctione
1064 1785 1228 1866 evertitur3
1249 1783 1319 1868 quis
1379 1840 1381 1844 ,

251 1893 333 1957 enim
364 1910 423 1956 non
456 1890 542 1956 videt
574 1885 672 1977 ταώς,
695 1892 777 1975 quod
798 1893 981 1975 perridicule
1007 1911 1077 1958 cum
1105 1884 1171 1976 τήν
1192 1891 1258 1978 γῆν
1287 1891 1318 1956 in

245 1997 376 2063 iurando
400 1998 604 2083 coniungitur,
626 1997 871 2083 coniungendam
901 2018 967 2066 esee
997 2019 1067 2086 oum
1090 1991 1177 2086 γάλα
1201 1997 1318 2086 λαγοῦ,

250 2105 286 2169 ut
305 2103 427 2169 luxuria
448 2102 640 2187 significetur·
661 2106 860 2188 potuspaeue
882 2106 1070 2171 incredibilis
1095 2107 1127 2172 et
1148 2105 1207 2170 cibi
1225 2105 1320 2171 raris-

246 2210 322 2275 simi
357 2211 389 2274 et
421 2209 636 2294 pretiosissimi
668 2211 846 2277 mentione?
888 2212 930 2278 Et
958 2213 1063 2278 tamen
1096 2204 1182 2298 γάλα
1213 2213 1325 2299 λαγοῦΙ

245 2315 297 2382 vin
319 2336 336 2381 a
359 2313 450 2382 verbo
474 2311 665 2404 κατήσθιον
692 2318 823 2400 pendero
851 2320 963 2402 potest,
997 2319 1141 2402 quoniam
1174 2320 1224 2385 lac
1257 2339 1317 2385 nou

244 2423 359 2516 editur,
381 2423 434 2488 sed
457 2425 589 2505 potatur.
625 2425 722 2493 Valde
745 2427 882 2511 suspicor
903 2445 1009 2492 omnes
1031 2426 1092 2490 loci
1115 2426 1222 2491 turbas
1244 2426 1316 2491 inde

158 2614 161 2619 1
245 2533 332 2595 ortus
364 2549 440 2602 esse,
474 2532 552 2614 quod
585 2530 617 2595 in
651 2533 750 2598 looum
783 2531 868 2598 verbi
889 2532 1006 2614 proprii
1026 2533 1064 2596 nd
1087 2528 1174 2618 γάλα
1198 2551 1317 2598 accom-

248 2638 364 2702 modati
385 2638 514 2703 verbum
544 2636 635 2725 εἶχον
662 2645 787 2723 propter
815 2637 1053 2703 similitudinem
1078 2637 1253 2706 litterarum
1274 2638 1317 2704 ir·

247 2744 379 2827 repserit
411 2763 427 2809 e
460 2755 514 2810 suo
547 2745 613 2810 loco
642 2747 837 2821 translatum,
860 2727 1021 2828 totumque
1043 2745 1252 2830 fragmentum
1274 2745 1317 2811 sio

246 2869 315 2936 esse
337 2850 548 2916 scribendum:
942 2840 945 2846 ’

850 2959 1075 3046 Καταφαγεῑν

333 3057 437 3137 odaria
459 3055 592 3136 noceas-³
617 3055 780 3150 άργάσισν
802 3056 874 3131 οὐδ’
896 3069 927 3131 εἰ
947 3059 1034 3152 γάλα
1058 3066 1190 3152 λαγοῦΔ
1289 3097 1294 3114 2

333 3167 475 3236 εἷλκον
496 3161 547 3255 μά
571 3163 635 3254 τήν
658 3170 801 3256 γῆνκαὶ
825 3167 914 3246 audo
935 3166 1141 3253 κατήσθιον,
1199 3161 1200 3164 ¹

224 3319 249 3348 μ.
333 3277 423 3364 εἶχον
445 3275 549 3362 (εἶχον
570 3273 637 3350 άνΡ
659 3271 703 3342 oia
726 3276 861 3364 εἶχονλ).

243 3480 250 3490 ..
348 3418 486 3484 Verbum
508 3421 617 3485 ε”λιιειν
640 3420 745 3484 notum
769 3421 818 3486 est
839 3419 900 3486 diei
923 3419 960 3485 de
975 3417 1065 3486 avido
1080 3419 1205 3486 haustu.
1244 3419 1317 3485 Haeo

245 3525 345 3611 igitur
373 3525 505 3591 efficitur
538 3526 708 3591 sententia:
731 3525 897 3592 comodere
925 3530 1045 3593 tautam
1067 3527 1228 3610 pecuniam
1250 3524 1316 3609 ipse

247 3636 283 3702 ot
304 3632 397 3708 solus,
422 3650 460 3697 no
482 3630 510 3724 ei
532 3631 579 3697 loo
602 3632 714 3714 leporis
744 3633 868 3718 quidem
892 3634 1056 3705 haurirem,
1077 3650 1132 3715 per
1159 3632 1314 3706 tellurem,

245 3741 281 3804 et
302 3727 436 3822 pavones
459 3738 645 3819 devoraram,
668 3758 800 3822 possem.
1175 3723 1179 3734 ¹

349 3913 385 3979 P.
401 3913 462 3978 672
477 3913 493 3979 f
505 3914 557 3994 (de
571 3933 661 3998 poenp
676 3913 759 3988 dicis
771 3933 864 3981 eausa
878 3915 1063 3992 Prometheo
1085 3911 1188 3988 soluto¹
1206 3931 1225 3977 a
1245 3913 1318 3978 Iove

101 4049 106 4060 ·
179 4049 184 4059 v
217 4067 220 4076 t
246 4020 423 4102 imperitat?
446 4023 499 4094 ιιαλ
515 4021 612 4088 σι’σιν
635 4016 789 4090 ἑκούσιον
811 4027 848 4088 ἐν
870 4016 997 4106 άλιιιτάᾳ
1021 4025 1181 4107 κειμένην
1196 4019 1314 4098 δοῦναι

249 4119 475 4212 θελήσαντος,
505 4123 636 4215 ταύτην
664 4135 752 4220 ἔχειν
780 4120 933 4206 ἐπιτάξαι
959 4121 1024 4195 τάν
1046 4120 1316 4213 καθηγούμενον
