2974 4660
599 289 760 344 Athenaeus.
1133 289 1173 352 63

145 487 369 562 comedebam),
411 486 491 568 apud
525 485 714 570 Diogenem:
749 482 844 569 α’ἶρας,
879 481 966 558 οἶος
997 477 1054 572 ἦν,
1084 481 1219 572 κατή-

145 593 325 667 otioso-*i

244 735 279 800 P.
296 734 358 796 402
380 734 410 798 b.
441 730 485 796 Ut
507 732 735 796 demonstretur
756 734 788 797 iu
811 732 904 798 Italia
919 732 1083 815 Siciliaque
1106 719 1214 817 aprum

106 839 110 848 '
143 841 292 923 appellari
314 832 510 924 αόχὲὃαρον,
544 835 700 919 ponuntur
734 857 840 905 versus
874 840 932 904 duo
966 839 1089 905 Soloriae
1113 842 1218 921 poetae·

143 945 311 1023 Tarentini,
334 947 388 1028 qui
411 938 564 1029 φλύακας
586 945 766 1026 scripserat:

223 1045 329 1119 Ἔνθ’
352 1051 430 1117 οὔτε
454 1046 587 1135 ποιμήν
609 1043 696 1126 α’ξιοῑ
719 1056 835 1136 νέμειν
856 1047 943 1136 storo?

226 1151 299 1224 οὔτ’
320 1152 506 1244 αόχέὸιορος
528 1150 720 1241 νεμόμενος
743 1153 964 1242 καπρώζεται.

242 1291 344 1372 Atque
365 1286 445 1352 haue
467 1287 650 1366 scripturam
665 1288 697 1351 in
711 1288 813 1366 verbo,
829 1287 912 1370 quod
928 1288 976 1353 est
992 1283 1214 1371 καπρώζεται,.

141 1394 303 1461 confirmat
317 1395 496 1459 Eustuthius
519 1392 573 1478 (ad
592 1392 649 1458 od.
669 1393 755 1468 XIX,
771 1394 847 1478 439)
868 1394 1050 1459 auctoritate
1070 1393 1212 1459 Athenaei
1321 1382 1324 1386 ’

142 1505 242 1577 utens,
277 1501 309 1565 in
341 1520 401 1584 quo
433 1503 537 1565 tamen
570 1500 636 1583 ipso
671 1500 817 1565 vocabulo
850 1501 1055 1565 uertissimum
1089 1502 1211 1565 tenetur

142 1606 297 1671 mendum.
321 1607 403 1671 Nam
415 1625 514 1689 neque
531 1599 773 1690 καπρώζεοθαι
786 1625 840 1688 pro
853 1624 897 1684 eo,
910 1607 993 1689 quod
1005 1608 1052 1670 est
1063 1605 1210 1690 καπρᾶν,

141 1717 194 1778 aut
215 1711 289 1777 alibi
311 1711 461 1795 reperitur
482 1720 534 1776 aut
557 1712 621 1776 ulla
642 1712 784 1796 analogia
812 1712 996 1787 defenditur,
1026 1731 1121 1796 neque
1149 1711 1211 1778 loci

141 1819 367 1902 herbarumque
389 1818 588 1883 insalubritus
612 1832 662 1893 (—u
683 1837 751 1883 eum
767 1818 849 1883 euim
865 1822 989 1900 epoeta
1003 1816 1209 1902 significatum

142 1942 209 1990 esse
242 1924 527 1989 manifestissimum
561 1925 610 1989 est
642 1943 677 1990 en
699 1925 816 1990 verbis:
843 1918 951 1991 Ἔνθ’
974 1921 1052 1992 οὔτε
1075 1920 1216 2010 ποιμήν·

140 2023 229 2108 α’ξιοῑ
250 2037 366 2116 νέμειν
387 2026 474 2116 βοτά
496 2038 550 2107 -)
573 2049 609 2094 ex
631 2050 666 2096 οο
689 2031 872 2110 ostenditur,
895 2032 974 2114 quod
997 2051 1071 2115 aper
1089 2033 1133 2097 ibi
1147 2048 1209 2097 nou

140 2138 272 2212 lascivit,
296 2140 374 2222 quod
398 2137 498 2221 potius
519 2137 650 2202 salubris
673 2137 823 2218 pastionis
837 2137 985 2204 iudicium
1002 2140 1060 2204 est.
1096 2140 1208 2204 Dioeu-

140 2247 215 2310 dum
247 2249 321 2323 erat,
355 2264 394 2310 ne
428 2263 535 2327 aprum
565 2244 689 2326 quidem
718 2244 750 2308 in
779 2243 832 2310 iilo
854 2247 920 2310 loeo
943 2246 1067 2328 impune
1090 2247 1122 2311 et
1143 2247 1215 2312 sino

138 2351 246 2415 fraude
279 2353 370 2434 passi,
405 2350 498 2433 idque
530 2354 623 2432 poeta
658 2349 736 2415 dixit
770 2351 860 2416 verbo
892 2351 924 2415 in
956 2351 1015 2417 hoo
1044 2351 1210 2418 senteutiae

141 2474 248 2540 genero
270 2455 386 2521 usitato
406 2460 438 2521 et
461 2457 633 2521 litterarum
656 2457 800 2522 ductibus
822 2457 998 2522 simillimo:
1086 2449 1089 2454 ’

217 2557 324 2628 Ἔνθ’
347 2559 425 2628 οὔτε
448 2559 582 2648 ποιμήν
605 2557 692 2639 α’ξιοῐ
712 2569 829 2647 νέμειν
850 2557 937 2648 βοτοῖ

222 2661 294 2736 οὔτ’
316 2660 500 2754 αόχὲὃοιρος
523 2664 716 2753 νεμόμενος
739 2669 1098 2753 καταπροΐξεται.

138 2795 211 2861 Non
245 2796 323 2861 feret
353 2799 489 2881 impune,
522 2797 550 2864 si
582 2805 689 2881 postus
721 2798 823 2863 suerit.
878 2797 965 2864 Solet
993 2798 1073 2864 euim
1095 2798 1128 2863 iu
1149 2798 1214 2864 hoo*

137 2903 232 2968 verbo
253 2901 391 2969 futurum
412 2908 535 2989 tempus
557 2906 645 2988 quasi
667 2905 698 2969 iu
726 2903 963 2971 commiuatione
984 2905 1064 2988 poni.

241 3043 274 3107 Ρ.
297 3046 358 3108 405
381 3064 399 3110 a
421 3045 465 3120 tiu
487 3046 659 3129 fragmento
682 3065 717 3110 er
740 3045 880 3131 Dionysii
906 3040 1127 3134 Θεσμοφόρῳ,
1154 3047 1211 3112 ubi

139 3168 254 3234 eoquus
275 3170 364 3216 suom
387 3154 484 3216 artem
506 3170 576 3217 oum
597 3151 795 3235 imperatorie
816 3155 1002 3235 comparati:

325 3266 512 3356 στρατηγός
535 3269 604 3342 πᾶς
626 3262 760 3335 καλεῖθ’
781 3263 820 3345 ὃς
842 3264 886 3335 οἲν
909 3266 999 3358 λάβῃ

225 3368 385 3460 δύναμιν,
408 3370 428 3444 o‘
448 3381 567 3462 μέντοι
592 3369 784 3463 δυνάμενος
807 3370 871 3443 ιιοῖν
893 3375 1092 3466 πράγμασιν

224 3476 483 3568 α’ναοτραφῆναι
508 3486 562 3550 καὶ
586 3484 766 3571 διαβλέψαι
791 3488 823 3550 τί
845 3510 914 3551 πον

193 3751 220 3819 *i
237 3750 355 3841 eosne
373 3759 436 3821 post
453 3754 538 3809 verba
558 3757 606 3824 ζῆν
624 3753 677 3824 γὰρ
695 3753 746 3825 τὴν
764 3752 915 3822 πορφύραν
934 3752 979 3824 ἔτη
998 3752 1027 3821 ἕξ
1046 3753 1206 3810 exciderunt

240 3845 394 3900 huiusmodi
422 3845 560 3914 quaedam:
588 3847 647 3903 τὸν
675 3845 712 3904 δὲ
739 3848 873 3918 κήρυκα
898 3867 945 3917 -;
973 3847 1072 3904 deinde
1099 3847 1208 3904 videtur

241 3937 414 3994 scribendum
441 3937 533 3995 πόθεν
560 3938 620 4006 <ri'
647 3933 720 4012 ἦν>
749 3938 823 4015 αὐτῷ
850 3940 968 4007 εἰδέναι,·
995 3941 1024 3997 Ρ.
1043 3941 1130 3999 8886
1155 3956 1209 3997 scr.

241 4031 267 4085 εἰ
291 4028 328 4101 μὴ
356 4033 592 4103 περιπατήσει
618 4034 704 4090 τόπον
721 4033 785 4090 τινὰ
804 4033 924 4105 ἐξευρὼν
943 4031 1032 4108 ἑαυτῷ
1050 4031 1211 4104 ἐπιτήδειον

241 4125 452 4196 (ambulatione3
470 4142 520 4195 pro
539 4126 731 4198 περιπατήσῃ).

502 4215 512 4240 1
