2974 4660
282 243 322 308 π
652 241 893 312 mamm

233 439 498 524 ‘quemadmodum
532 439 563 504 in
599 439 691 505 Plinii
724 439 911 523 Panegyrico
944 405 1007 523 cap.
1041 439 1080 502 37
1115 435 1202 502 sine
1234 437 1308 502 ante

239 547 538 632 singulorum.*)

340 733 498 802 ibides:
529 729 572 802 οιῗ
592 731 657 824 γάρ
689 729 729 822 δή
754 749 943 818 συμπεσεῖν
963 759 1002 822 γε
1026 728 1120 820 φήσω
1145 726 1187 798 ια’
1211 758 1245 798 ιε
1270 738 1307 798 ἐν

235 832 408 928 Αἰγύπτῳ
442 836 634 926 ποιεύμενα
669 845 713 930 τῷ
743 843 815 930 θεῷ
846 844 900 909 καὶ
923 836 965 908 arr?
989 847 1026 907 ἐν
1047 853 1133 909 uolua
1149 836 1306 924 Ἕλλησι·

233 941 421 1032 ὁμότροπα
458 945 524 1036 γα“ρ
561 943 604 1015 οἲν
638 939 683 1034 ἦν
718 962 804 1016 τοῖσι
832 945 976 1034 Ἕλλησι
1022 948 1077 1014 καὶ
1112 939 1154 1014 oc’
1187 945 1306 1013 νεωστὶ

241 1059 421 1140 ἐσηγμένα.
476 1054 601 1119 Rilibus
633 1074 729 1137 nuper
760 1056 885 1121 aliunde
911 1055 1009 1120 illatis
1044 1053 1175 1131 (vesosi
1210 1057 1307 1140 ἐσηγ-

232 1165 369 1243 Ιμένοις)
400 1161 545 1227 contrarii
575 1167 646 1226 sunt
675 1181 735 1227 non
759 1163 879 1228 similes
901 1163 980 1227 ritus
1002 1154 1230 1244 (ὁμότροπα),
1253 1157 1308 1250 sed

237 1267 323 1330 domi
345 1268 461 1331 inventi
486 1271 517 1332 et
538 1269 618 1351 apud
640 1269 740 1350 ipsum
763 1268 907 1352 populum
922 1269 998 1345 uati,
1019 1286 1118 1350 neque
1133 1264 1307 1332 Herodotus

239 1371 376 1438 similem
399 1391 466 1438 esse
481 1373 575 1438 ritum
591 1374 771 1458 AEgyptium
796 1378 826 1438 et
842 1375 983 1440 Graecum
1000 1377 1101 1457 negat,
1118 1387 1307 1456 quamquam

236 1477 321 1543 levia
336 1479 476 1561 quaedam
492 1478 719 1563 Melampodam
736 1481 873 1546 mutasse
890 1479 972 1544 dicit.
1016 1478 1187 1561 Scripserat
1207 1477 1306 1561 igitur

240 1584 419 1650 Herodotus
441 1578 676 1672 ὁγιόιροφα,
697 1586 791 1652 simul
815 1588 846 1651 et
868 1587 951 1652 domi
973 1587 1046 1651 nata
1068 1591 1099 1650 el
1121 1588 1197 1650 orta.
1244 1579 1308 1670 [Sic

239 1692 303 1755 iam
326 1691 374 1755 De
395 1692 427 1756 la
451 1693 543 1757 Barre
565 1693 730 1759 coniecisse
752 1694 834 1778 apud
858 1693 1031 1776 linigeram
1054 1688 1254 1772 soroudon]

341 1881 418 1946 ibid.
442 1879 482 1944 93
502 1880 552 1958 (de
574 1883 678 1965 granis
700 1900 833 1958 ovorum,
859 1900 927 1966 quae
948 1882 1048 1964 pisces
1071 1881 1193 1944 feminae
1216 1877 1308 1943 emit·

234 1984 319 2062 tant,
344 2004 444 2050 mares
467 1986 640 2064 devorent):
671 1989 734 2053 eloi
766 1989 799 2053 δὲ·
829 1993 860 2052 οἱ
890 1993 1018 2074 κέγχροι
1048 1974 1143 2052 οὗτοι
1175 1978 1306 2072 ἰχθύος.

238 2090 317 2156 *Haec
338 2091 496 2157 conciliari
518 2112 587 2158 cum
611 2092 682 2171 illis,
713 2113 780 2177 quae
802 2095 972 2177 sequuntur
993 2099 1041 2172 (ἐκ
1064 2093 1098 2159 δὲ
1120 2095 1188 2158 τῶν
1210 2115 1308 2175 περι-

242 2203 431 2283 γινομένων
454 2200 507 2264 aul
530 2195 580 2284 μή
598 2206 879 2284 καταπινομένων
899 2206 1042 2289 κέγχρων
1058 2204 1089 2267 οἱ
1103 2196 1308 2284 τρεφόμενοι

235 2296 364 2389 ,ἰχθύες
393 2305 561 2391 γίνονται)
595 2306 681 2372 nullo
713 2309 803 2390 pacto
835 2313 981 2390 possunt;
1011 2308 1202 2391 apertissime
1225 2304 1308 2370 enim

242 2410 417 2475 Herodotus
451 2433 469 2478 a
505 2414 609 2497 granis
644 2413 807 2498 distinguit
839 2413 946 2496 pisces,
981 2415 1034 2497 qui
1062 2432 1098 2479 ex
1119 2412 1225 2498 granis
1247 2428 1308 2474 non

240 2517 397 2582 devoratis
412 2520 559 2585 oriantur.
605 2520 774 2602 Scripserat
789 2520 978 2586 Herodotus:
1002 2521 1065 2586 elul
1083 2517 1117 2584 da
1133 2521 1165 2582 οἱ
1180 2523 1308 2603 κέγχροι

241 2619 290 2687 οὔ
299 2648 356 2688 πω
380 2619 511 2709 ἰχθύες,
536 2632 570 2692 ἐκ
595 2627 628 2692 δὲ
651 2627 718 2692 τῶν
741 2633 1009 2714 περιγινομένων
1113 2629 1257 2712 κέγχρων
1279 2672 1308 2690 ..

234 2723 362 2814 ἰχθύες
377 2732 543 2820 γίνονται.
553 2731 607 2810 **)

243 2937 475 2947 —a———v

296 3056 323 3124 *)
342 3056 421 3113 Hanc
452 3059 671 3114 emendationem
700 3075 761 3114 cum
788 3061 817 3114 in
845 3061 923 3114 novis
957 3060 1103 3115 annalibus
1133 3057 1309 3129 philologieis

344 3152 605 3221 septentrionalibus
623 3153 676 3206 vol.
695 3154 713 3207 3
729 3170 755 3222 p.
776 3153 827 3208 141
847 3153 1058 3223 proposuissem,
1087 3152 1156 3206 dixit
1183 3150 1309 3220 quaedam

344 3252 439 3299 contra
463 3245 582 3298 Steinius
609 3244 638 3297 in
665 3243 793 3300 Bursiani
822 3247 968 3302 annalibus
994 3246 1169 3316 philologieis
1196 3259 1309 3316 prorsus

343 3336 508 3394 refutatione
535 3337 654 3406 indigna.
709 3337 828 3393 Tantum
855 3339 929 3408 quod
954 3346 1069 3410 propter
1097 3338 1224 3394 editionis
1252 3352 1308 3392 suae

344 3431 488 3486 eonsilium
505 3431 680 3500 interpolata
698 3430 773 3485 illius
791 3430 935 3502 scripturae
962 3433 1127 3488 mentionem
1146 3447 1163 3486 a
1181 3447 1210 3486 se
1229 3430 1308 3486 omis-

344 3543 402 3581 sam
430 3524 533 3592 scribit,
560 3540 615 3578 noo
643 3524 817 3580 omissionem
840 3526 928 3595 ipsam
955 3543 1005 3595 per
1024 3542 1053 3581 se
1071 3524 1307 3596 reprehenderam,

344 3619 393 3673 sed
412 3618 485 3687 quod
502 3633 536 3672 ne
554 3617 603 3672 illo
623 3617 731 3686 quidem
755 3619 923 3689 superiorum
947 3619 1081 3674 editorum
1108 3632 1243 3672 consensu
1262 3613 1308 3669 ad·

343 3712 463 3766 monitus
475 3718 562 3779 esset,
582 3717 613 3766 ut
632 3711 665 3766 de
684 3712 819 3766 sententia
837 3717 865 3766 et
882 3727 912 3765 re
932 3711 1036 3779 aliquid
1054 3710 1196 3778 cogitaret.

278 3804 324 3873 **)
342 3803 412 3858 lbid.
432 3805 492 3873 121,
510 3805 534 3872 5,
564 3804 611 3858 ubi
629 3805 657 3858 iu
682 3804 824 3859 sententiis
842 3819 956 3874 prorsus
975 3819 1007 3858 ex
1025 3817 1104 3871 aequo
1122 3803 1221 3872 positis
1240 3801 1308 3856 mire

344 3898 478 3954 variatur:
497 3894 553 3953 ὅτε
572 3899 622 3951 τοῦ
641 3893 805 3965 ἀδελφεοῦ.
825 3936 832 3951 .
852 3937 858 3951 .
878 3894 1019 3964 ἀποτάμοι
1036 3894 1087 3965 τὴν
1103 3893 1228 3964 κεφαλήν
1247 3935 1254 3948 .
1273 3937 1280 3949 .
1300 3935 1306 3948 .

345 3987 363 4056 ὅ
368 4011 399 4044 τι
418 4033 423 4045 .
443 4029 451 4046 .
471 4031 477 4046 .
496 3989 657 4045 καταλύσειε
676 4030 682 4044 .
702 4030 710 4042 .
729 4028 737 4043 .
756 3987 805 4043 τὸν
822 3987 913 4050 νέκυν,
933 3995 962 4043 et
979 3993 1091 4058 propter
1109 3989 1181 4043 hanc
1197 4003 1307 4042 causam

344 4089 372 4138 et
397 4090 509 4156 propter
535 4082 658 4152 regulam
686 4082 715 4136 iu
742 4081 850 4152 syntaxi
876 4096 937 4135 mea
961 4079 1270 4150 Graeca5132anot.
1291 4079 1307 4132 1
