2974 4660
603 289 810 351 Demosthenes.
1158 294 1198 357 39

174 485 343 564 ἐλθόντας
363 486 437 576 χρή,
466 492 520 556 arii
551 485 621 558 τότ’
642 486 687 558 ἄν
705 486 887 559 οἷδικοόντα
918 489 978 576 cippi
1001 517 1064 566 τις,
1088 484 1130 558 ου’
1156 517 1242 575 προ·

174 591 383 680 ανορπόζενν
417 623 445 664 ν.
468 624 496 662 τ.
520 600 547 663 λ.
602 600 638 664 In
660 600 707 665 his
730 600 784 665 καὶ
808 593 877 667 τότ’
898 595 942 666 οἷν
957 592 989 665 οἷ.
1007 591 1068 683 δρᾷ
1083 623 1135 672 τις
1157 597 1241 662 nulla

174 706 223 770 est
246 702 396 770 orationis
418 702 592 783 structura;
615 706 677 770 erit
698 708 784 772 recta
806 708 838 772 ei
859 705 1008 790 legitima,
1025 704 1051 768 si
1066 701 1240 785 scripseris:

175 813 229 877 καλ
253 803 322 876 τότ’
343 803 400 876 ὅτ’
423 803 467 876 όν
490 804 675 878 domniaco
698 807 758 898 όρᾷ
780 837 841 886 τις.
883 813 961 877 Duae
983 809 1139 894 ponuntur
1160 808 1241 873 iuste

177 916 365 983 adversarios
399 917 603 999 persequendi
625 918 826 996 condiciones,
843 919 934 1000 prior,
950 920 985 981 ut
999 916 1065 999 ipse
1081 919 1113 981 te
1129 914 1241 980 iudicio

173 1024 355 1102 defenderis,
378 1021 484 1100 altera,
506 1029 543 1088 ut
563 1023 753 1090 adversarios
782 1043 889 1107 reapse
918 1025 950 1088 in
980 1021 1083 1105 aliquo
1105 1019 1241 1086 facinore

167 1129 419 1213 deprehenderis.
468 1128 612 1194 Ceterum
639 1131 721 1195 recte
743 1129 900 1194 Bekkerus
923 1129 955 1194 et
978 1125 1148 1211 superiores
1170 1146 1239 1193 cum
1264 1171 1266 1176 ,

174 1235 375 1303 deterioribus
409 1232 564 1302 codicibus
597 1229 801 1309 ἀδικοῦντας
833 1237 982 1312 scribunt,
1015 1235 1153 1318 alioquin
1188 1236 1241 1301 de-

174 1344 267 1410 bobat
297 1360 380 1407 esse:
421 1334 605 1408 ἀδικοῦντά
629 1369 716 1427 τινα,
751 1341 852 1407 minus
885 1343 957 1425 apte
990 1343 1242 1414 concurrentibus

173 1445 250 1515 τινό
273 1458 305 1514 et
326 1448 386 1521 alc.

277 1615 359 1682 ibid.
375 1613 451 1675 189:
469 1615 500 1677 εἰ
506 1617 624 1696 μέντοι
635 1606 744 1698 ῥήτωρ
756 1612 847 1678 ἐστὶν
859 1619 953 1685 οἵους
964 1611 1076 1684 ἐνίους
1097 1612 1166 1677 τῶν
1188 1614 1243 1676 λε-

173 1708 306 1801 γόντων
329 1711 390 1803 ἐγώ
415 1719 468 1783 καὶ
492 1714 593 1802 ὑμεῖς
616 1721 649 1784 dd
672 1714 785 1804 όροῖτε,
812 1712 964 1790 doctricis
987 1719 1041 1782 καλ
1064 1711 1122 1802 o‘p’
1144 1712 1243 1803 όμών

175 1817 469 1907 πεπλουτηκότας,
493 1818 554 1893 oria
578 1821 621 1893 οἲν
645 1831 719 1914 εἴην
742 1815 841 1899 οὗτος
864 1816 938 1912 ἐγώ.
993 1822 1081 1890 Nihil
1103 1828 1150 1890 esi
1171 1819 1240 1892 όπό

172 1928 236 1994 τοῦ
269 1921 383 2016 δήμου
415 1934 586 2012 πλουτεῖν,
623 1935 768 2017 quoniam
796 1933 828 1997 in
857 1932 948 1997 verbo
971 1933 1135 1997 πλουτεῖν
1156 1932 1242 1997 nulla

172 2036 352 2104 huiusmodi
375 2039 512 2123 patiendi
534 2039 717 2124 significatio
738 2039 815 2122 fingi
836 2038 948 2120 potest,
971 2038 1071 2119 qualis
1094 2039 1142 2104 est
1156 2040 1242 2105 verbi

173 2161 276 2222 eausa,
307 2163 377 2210 cum
410 2144 522 2211 dicitur
553 2141 723 2232 θνήσκειν
738 2139 806 2212 ὑπό
835 2169 938 2218 τινος.
984 2142 1092 2227 Neque
1108 2144 1242 2229 populus

173 2250 240 2332 ipse
261 2248 439 2317 huiusmodi
460 2252 608 2333 homines,
633 2252 670 2318 de
692 2253 804 2335 quibus
826 2251 937 2336 agitur,
961 2251 1090 2331 ditabat,
1121 2252 1174 2316 sed
1196 2251 1242 2316 ilii

174 2356 322 2438 populum
357 2356 573 2423 defraudantes
605 2358 750 2441 peculatu
783 2357 906 2424 divitias
939 2355 1149 2431 corrodebant,
1187 2356 1246 2424 hoo

174 2463 233 2542 est,
255 2456 324 2529 οἷπό
348 2465 409 2529 τοῦ
434 2458 547 2549 δήμου
570 2458 770 2530 ἐπλούτουν.
826 2462 1027 2529 scribendum
1056 2463 1152 2547 igitur
1179 2457 1245 2549 o’p'

173 2563 281 2654 riparia.
326 2571 393 2652 [Sic
413 2570 475 2636 iam
498 2570 655 2650 debetne]

274 2734 378 2806 XXII,
410 2735 465 2798 20:
510 2729 563 2800 ότι
589 2737 707 2799 τοίνυν
742 2726 815 2798 ov’d'
848 2735 957 2805 αἴτιος
990 2728 1092 2805 ἄλλος
1111 2727 1243 2809 ,οὐδεὶς

174 2833 373 2924 α’νθρυλπων
394 2838 474 2907 ιἐστὶ
508 2842 572 2907 τοὺ
602 2835 661 2924 μή
685 2840 904 2924 πεποιῆσθαι
932 2836 994 2912 τοῖς
1023 2839 1119 2915 ναῦς,
1141 2842 1241 2909 τοῦτο

174 2948 291 3032 σοφῶς
311 2941 397 3032 ὑμῖν
420 2947 583 3024 ἐπιδείξω·
608 2939 777 3013 οἷνελοόοα
799 2941 865 3033 γόρ
888 2939 1039 3032 effoeto)
1056 2943 1118 3013 τόν
1133 2941 1246 3034 νόμον

173 3057 298 3121 τουτον
314 3047 564 3142 ἐχειροτόνησεν
579 3048 677 3142 αὐτῇ.
712 3053 765 3118 Sic
781 3055 820 3120 Σ.
854 3052 915 3132 Qui
929 3052 1114 3135 interpolate
1130 3050 1242 3143 ου’τήν

174 3161 370 3244 scripserunt,
405 3161 440 3224 ut
473 3160 552 3225 nihil
585 3160 623 3225 de
655 3161 809 3225 sententia
840 3157 942 3224 dicam
969 3157 1059 3242 (quid
1081 3160 1129 3224 est
1150 3158 1241 3236 enim,

174 3272 316 3333 senatum
332 3271 430 3332 semet
445 3267 547 3350 ipsum
566 3267 730 3351 creasset),
747 3285 806 3332 uon
822 3266 1105 3332 animadverterunt
1120 3265 1243 3332 τοῦτον

174 3373 290 3439 obiecti
320 3373 386 3438 loco
419 3374 571 3455 pertinere
600 3373 639 3438 ad
670 3366 932 3460 ἐχειροτόνησεν,
954 3388 1014 3436 nou
1036 3370 1137 3436 solum
1161 3371 1242 3454 quod

173 3478 223 3544 bis
259 3497 351 3560 supra
386 3477 417 3543 in
450 3476 508 3542 hcc
538 3477 606 3560 ipsa
641 3478 833 3563 paragrapho
866 3476 1049 3560 simpliciter
1078 3467 1100 3542 ¹o‘
1134 3471 1241 3559 νόμος

176 3585 299 3658 dicitur,
322 3604 381 3650 uon
404 3573 537 3658 οὗτοςό
560 3578 685 3670 νόμος,
697 3587 752 3651 sed
767 3583 849 3667 quod
863 3583 1033 3647 necessario
1044 3583 1243 3649 Androtionis

174 3707 306 3774 persona
337 3692 368 3756 in
401 3690 480 3758 hano
512 3691 697 3758 sententiam
730 3689 846 3756 includi
869 3691 991 3755 etcum
1015 3689 1243 3756 senatusfacto

175 3795 318 3880 coniungi
351 3796 451 3872 debet,
482 3798 627 3881 quoniam
660 3796 797 3880 alioquin
829 3796 914 3860 nulla
946 3792 1012 3859 eius
1034 3794 1125 3876 culpa
1145 3794 1243 3880 signi-

174 3903 294 3968 ficatur.
324 3903 454 3968 Senatus
469 3903 563 3988 igitur
578 3902 802 3969 Androtiouem
818 3893 1070 3988 ἐχειροτόνησεν
1084 3901 1116 3966 et
1130 3920 1242 3967 munus

120 4058 122 4064 ,
175 4009 205 4073 ei
237 4008 364 4092 aliquod
396 4010 608 4086 demandavii3
643 4008 802 4092 quodnam
833 4007 867 4073 id
899 4007 982 4072 suit?
1024 4007 1060 4071 In
1081 4006 1140 4073 hac
1162 4009 1245 4073 enim

173 4113 242 4197 ipsa
274 4114 409 4181 muneris
442 4113 677 4182 demandatione
710 4115 778 4180 tota
806 4113 1032 4199 argumentatio
1061 4113 1164 4195 posita
1185 4116 1242 4179 est.
1295 4203 1297 4210 Ι
