3008 4654
313 289 375 355 m
680 295 933 366 mmmm

273 507 313 555 se
334 491 515 558 eontulit
537 496 596 559 eet.
639 493 692 560 Sie
719 495 848 572 uertices,
879 515 950 575 nou,
980 493 1062 579 quod
1084 493 1285 560 substituitur
1305 496 1337 558 in

272 595 426 680 plerisque
459 599 654 679 editionibus,
683 602 1004 668 transietioium.
1062 600 1162 667 Pruvu
1194 597 1338 665 edieotiri

273 703 449 772 terminatio
471 706 510 772 de
532 706 691 774 sententie
712 726 833 793 quoque
854 709 930 774 vitio
952 710 1114 784 aimonem
1136 704 1338 791 nequeenim

273 808 336 875 ius
365 811 553 878 tralaticium
586 815 652 880 ullu
680 815 822 880 meroeie
853 817 1012 897 empturus
1045 817 1111 880 eret
1136 813 1339 888 Outuuiuuus;

272 915 469 998 publicum
502 919 627 1003 quidem
661 921 710 986 ius
745 922 808 987 aliu
839 931 924 987 oertu
954 920 1179 1005 signifimtione
1213 918 1339 984 dieitur.

273 1021 475 1091 Soribeudum
508 1026 572 1092 est:
607 1046 653 1093 ue
684 1027 890 1111 publicum
913 1026 1071 1110 quidem
1099 1027 1139 1092 et
1159 1025 1339 1092 translu-

272 1129 415 1197 tioium
438 1147 562 1198 munus.
612 1131 665 1198 Sio
685 1137 769 1200 reete
791 1133 883 1200 huius
912 1133 1013 1200 aetetis
1044 1151 1102 1202 usu
1134 1133 1340 1217 publicum

273 1255 326 1320 pro
349 1236 503 1304 communi
524 1258 560 1304 uo
581 1239 701 1324 vulgari
723 1239 846 1307 dieitur.

375 1413 443 1480 Tib.
468 1416 524 1482 17:
558 1415 632 1482 Sed
654 1416 701 1482 oie
723 1419 958 1501 cognomine
980 1415 1114 1494 (Tiberio
1137 1415 1341 1492 decernendo)
1393 1437 1397 1444 ·

273 1519 518 1588 intercessit
538 1524 765 1607 Augustus,
795 1543 835 1588 eo
862 1525 1098 1589 oonteutum
1121 1522 1342 1605 repromit-

273 1628 379 1704 tens,
403 1631 506 1712 quod
527 1649 567 1696 se
589 1629 782 1696 defuneto
805 1634 1070 1712 suscepturus
1092 1631 1210 1695 esset.
1232 1628 1342 1713 Neque

273 1736 564 1818 repromittere
586 1755 641 1821 pro
664 1736 903 1820 promittere
925 1735 1109 1819 simpliciter
1125 1754 1271 1819 umquem
1293 1735 1342 1799 di-

274 1842 363 1920 eitur,
386 1843 525 1925 quumvis
548 1842 581 1909 id
598 1841 730 1909 Wolfius
752 1845 783 1908 et
805 1842 858 1921 alii
873 1842 1037 1920 affirment,
1053 1861 1154 1926 neque
1170 1841 1342 1908 infinitivus

274 1948 381 2014 abesse
397 1948 1343 2032 posseridetur(promittoTiberiumcontentum);

269 2073 345 2118 uum
374 2054 465 2137 paulo
494 2055 585 2120 utitor
615 2057 726 2122 dieitur
756 2058 851 2140 (Aug.
878 2055 945 2134 10):
979 2056 1202 2122 Antonium
1226 2056 1345 2122 ediu-

274 2169 401 2226 torem
423 2159 681 2245 speraverat
725 2163 765 2227 ln
782 2161 896 2228 litteris
918 2182 958 2228 re
980 2161 1058 2227 lutet
1079 2162 1242 2246 uestigium
1265 2163 1342 2239 eius,

279 2268 358 2352 quoi
384 2267 549 2334 Suetonius
576 2269 757 2352 scripserat:
791 2288 833 2336 eo
856 2265 1090 2334 contentum
1114 2267 1185 2334 iore
1207 2267 1343 2354 promit-

276 2381 359 2442 tene
415 2375 518 2441 Etiam
541 2374 614 2440 Oth.
642 2377 662 2438 4
690 2375 829 2458 suspioor
857 2375 932 2440 olim
960 2375 1109 2458 seriptum
1139 2373 1250 2440 inisse:
1280 2373 1340 2440 iru-

276 2485 462 2568 perutorem
483 2500 638 2567 qnoque
659 2481 771 2548 brevi
793 2481 864 2549 fore
887 2481 1090 2568 promittens.

243 2719 245 2724 ,
378 2648 456 2713 lbid.
489 2649 546 2712 28:
586 2647 731 2715 Exstat
764 2649 804 2714 et
840 2665 968 2713 sermo
1006 2648 1093 2712 eius
1126 2645 1269 2725 (Tiberii)
1302 2645 1343 2710 iu

276 2757 421 2819 senatu
456 2754 692 2838 percivilis:
737 2754 776 2820 Si
816 2753 973 2838 quidem
1017 2753 1181 2819 loeutus
1218 2751 1345 2818 aliter

277 2859 420 2934 inerit,
442 2860 542 2928 dubo
563 2879 736 2944 operam,
759 2864 801 2926 ut
822 2860 1022 2950 rationem
1045 2858 1241 2926 foetorum
1264 2876 1344 2924 me·

277 2986 384 3033 orum
409 2967 690 3052 dictorumque
717 2965 895 3044 reddum3
928 2965 963 3030 si
995 2964 1343 3051 perseveraverit,

276 3073 315 3137 iu
336 3075 462 3139 vinem
484 3092 568 3140 eum
590 3074 718 3141 odero.
777 3073 885 3158 Neque
914 3073 946 3138 si
976 3072 1136 3157 quidem
1157 3089 1212 3154 pro
1235 3070 1268 3137 si
1290 3089 1345 3156 po·

278 3180 372 3246 situm
403 3179 454 3245 hio
484 3178 580 3246 ullum
613 3180 707 3248 hebet
738 3179 975 3256 eureusutiouem¹
1005 3179 1173 3263 presertim
1195 3180 1344 3261 sequente

278 3286 376 3352 altero
398 3285 451 3365 ei,
477 3304 575 3370 ueque
597 3287 770 3354 subiectum
791 3288 899 3352 abesse
919 3285 986 3351 uilo
1007 3286 1099 3352 ruodo
1121 3286 1223 3368 potest
1244 3303 1343 3374 neque

269 3391 469 3480 significatio,
503 3392 541 3458 de
574 3413 633 3478 quo
666 3393 790 3459 homine
819 3393 871 3459 rel
899 3412 933 3458 re
963 3391 1075 3476 uliquis
1096 3411 1156 3459 non
1178 3390 1345 3459 houorifioe

277 3501 428 3582 loquetur.
483 3498 667 3583 Seperondae
699 3498 813 3567 routius
844 3497 958 3565 litterae
988 3501 1021 3563 et
1041 3516 1102 3566 unu
1130 3498 1280 3577 addenda,
1308 3503 1346 3564 ut

278 3606 350 3681 fiet:
384 3605 423 3671 Si
449 3605 502 3691 qui
524 3607 623 3694 (qum)
646 3606 687 3674 de
708 3624 758 3673 me
785 3606 946 3673 loeutus
979 3604 1104 3674 uliter
1135 3606 1264 3671 ruerit
1284 3611 1344 3672 oet.

279 3712 423 3778 Ceterum
452 3711 690 3778 inusitatissime
722 3712 834 3779 dicitur
866 3713 1029 3780 loeutus
1063 3712 1189 3779 aliter
1220 3731 1274 3797 pro
1295 3731 1343 3792 oo,

279 3817 360 3902 quod
383 3821 432 3893 eet
452 3837 583 3896 oeous,
608 3820 664 3884 hoe
686 3821 743 3897 est,
766 3820 796 3884 in
819 3817 999 3886 deteriorem
1017 3822 1147 3902 portem,
1163 3837 1220 3885 neo
1233 3819 1348 3888 iniuriu

280 3925 411 3989 dubitari
439 3926 550 4008 potest,
580 3931 683 3992 utrum
713 3927 758 3990 sio
786 3925 950 3992 Suetonius
979 3927 1144 4009 scripserit,
1167 3945 1205 3991 en
1236 3943 1346 4007 super·

279 4031 429 4113 seriptum
452 4032 673 4116 interpretum
694 4049 787 4098 ouusu
810 4032 898 4096 elteri
928 4032 1071 4099 adverbio
1099 4032 1203 4097 minus
1232 4031 1349 4098 usituto

279 4139 344 4216 hoc,
377 4137 460 4220 quod
492 4155 573 4202 nuno
608 4138 731 4222 regitur,
765 4137 796 4202 in
827 4140 1000 4204 ooutextom
1023 4140 1192 4206 oratorium
1215 4137 1349 4217 venerit,
