3008 4654
552 307 657 362 Seneca
668 308 867 378 ¹Philosophus.
1142 309 1200 372 211

175 503 345 586 exspectari
365 508 470 586 posset
491 503 688 572 adiectivum
710 513 845 584 (causa
877 509 1078 590 perpetuae
1111 507 1245 593 iacta·

174 610 325 689 tionis),
348 611 432 694 quod
453 611 681 678 substantivum
703 630 789 694 paena
810 631 865 696 pro
887 613 1036 699 gerundio
1054 614 1176 694 passivo
1197 615 1248 680 est

175 725 257 795 (cur
277 736 403 800 usque
426 717 699 797 iactentur).*)

580 967 704 1036 Plinius
728 969 841 1034 maior.

275 1121 351 1201 Quae
372 1123 411 1188 ad
433 1121 526 1187 Plinii
549 1122 709 1187 historiam
730 1123 903 1188 naturalem
925 1122 1149 1188 emendandam
1172 1142 1244 1189 eon·

171 1227 231 1292 tuli
253 1229 283 1293 in
307 1229 386 1294 Λᾶν.
411 1228 484 1295 crit.
507 1229 538 1292 ll
568 1249 597 1311 p.
628 1229 688 1292 523
719 1249 795 1314 sqq,
829 1230 866 1295 iis
898 1228 1075 1314 affiangam,
1109 1247 1178 1312 quae
1211 1230 1243 1294 in

173 1333 260 1400 libris
289 1334 584 1400 XXXV—XXXVI
613 1341 720 1419 postca
748 1336 917 1415 emendavi,
951 1355 1021 1402 cum
1053 1355 1138 1420 paene
1158 1337 1246 1402 'casu

174 1441 213 1506 ad
244 1460 297 1506 eos
325 1441 506 1526 relegendos
534 1441 657 1508 delatus
688 1463 787 1509 assam
817 1447 908 1526 atque
937 1447 1004 1508 tum
1026 1442 1101 1508 solis
1122 1443 1190 1507 Iani
1212 1447 1246 1508 et

177 1547 290 1634 Silligii
313 1549 408 1632 copiis
430 1550 544 1624 uterer.
552 1547 601 1628 aa)

274 1667 492 1745 mdxxxv,
516 1667 573 1732 20:
609 1669 750 1734 Parvis
782 1667 1042 1752 gloriabatur
1070 1667 1245 1733 tabellis

173 1773 1244 1860 exstinctusnnperinlongasenectaTitediusLabeo

176 1883 391 1965 pretorius
416 1929 423 1945 .
448 1929 455 1944 .
479 1929 487 1945 .
510 1906 535 1957 .;
569 1883 635 1948 sed
670 1903 713 1949 aa
741 1901 803 1947 res
832 1881 869 1945 in
898 1880 982 1945 risu
1006 1880 1126 1945 otiam
1151 1899 1244 1947 con·

175 1989 353 2056 tumeliue
381 1992 476 2055 erat.
532 1989 732 2056 Scribendnm
755 1989 934 2055 manifesto:
956 1986 1026 2052 sed
1047 2006 1089 2052 aa
1112 2006 1174 2052 res
1196 1986 1245 2054 in·

174 2097 264 2170 risui,
287 2098 409 2163 etiam
432 2099 688 2164 contumelia
711 2100 806 2164 erat
850 2096 918 2162 Non
942 2096 1042 2162 solnm
1060 2095 1244 2162 irridebatur

175 2204 326 2283 Titedius,
352 2205 407 2270 sed
429 2205 618 2270 contumelia
640 2204 841 2272 alliciebatur.

228 2476 254 2544 *)
274 2476 440 2544 Simpliciter
458 2478 616 2546 recipienda
635 2479 757 2532 codicum
782 2479 918 2546 scriptura
939 2493 1011 2531 nrrno
1034 2480 1174 2544 protracta
1192 2474 1207 2544 ξ
1227 2475 1244 2528 7

275 2571 363 2639 (ergo
382 2571 416 2624 in
434 2572 497 2627 hoc
515 2570 601 2625 idem
619 2577 778 2640 poterunt
792 2569 935 2625 artifice
948 2568 1103 2636 vivendi),
1114 2568 1149 2622 20
1162 2568 1243 2634 (Non

274 2671 401 2720 mutata
427 2664 625 2719 feminarum
653 2671 787 2732 natura,
815 2665 873 2718 sed
901 2664 993 2717 victa
1020 2668 1084 2724 ast;
1118 2661 1242 2729 alioquin

276 2759 448 2813 scribendum
467 2765 539 2814 crat:
558 2760 629 2814 Non
656 2764 778 2813 natura
801 2757 820 2811 f.
845 2763 984 2824 mutata,
1008 2755 1064 2811 sed
1084 2755 1154 2818 vita
1172 2756 1242 2822 cst),

273 2853 308 2906 55
327 2852 400 2918 (Sed
425 2852 472 2906 nil
500 2860 589 2921 aget,
615 2854 669 2907 hoc
693 2859 743 2920 est,
765 2851 892 2920 proficiet
912 2851 1083 2919 praeceptor).
1120 2847 1243 2918 1n§26

274 2947 357 3000 torti
375 2963 462 3016 prava
474 2948 608 3003 correctio
622 2954 677 3016 est3
692 2948 763 3003 inter
781 2947 886 3002 totam
904 2951 933 2998 et
952 2943 1140 3018 structique
1159 2943 1242 2998 inter-

273 3040 340 3094 cidit
356 3041 432 3110 prior
449 3057 514 3110 pars
533 3041 607 3096 vocis
625 3048 784 3096 remanente
803 3047 926 3094 extrema
945 3038 1051 3108 syllaba
1062 3037 1106 3114 de
1125 3037 1169 3091 vel
1185 3036 1241 3091 dae.

208 3131 252 3198 **)
273 3132 325 3200 Qui
343 3150 430 3202 nuper
449 3135 531 3189 Plinii
550 3151 619 3203 opus
638 3135 798 3204 conquisitis
821 3133 1019 3188 studiosissime
1042 3138 1069 3186 et
1094 3130 1241 3199 diligentis·

274 3228 341 3282 sime
361 3228 484 3282 codicum
502 3229 763 3297 manuscriptorum
789 3226 919 3284 subsidiis
942 3225 1035 3291 edidit,
1060 3224 1157 3279 vellem
1178 3224 1243 3277 huic

275 3321 424 3390 diligentiae
442 3322 611 3377 adiunxisset
629 3323 828 3378 accuratiorem
841 3321 973 3376 sermonis
989 3319 1079 3374 Latini
1098 3318 1240 3372 scientiam
1310 3357 1311 3360 ,

276 3422 302 3470 et
333 3416 434 3470 certius
464 3416 493 3469 in
529 3417 610 3471 rebus
647 3417 846 3484 sententiisque
882 3412 1068 3480 intelligendis
1104 3410 1241 3465 iudicium.

274 3509 434 3564 Careremus
453 3511 512 3564 eius
530 3510 638 3578 generis
657 3510 831 3576 coniecturis,
855 3508 933 3562 cuius
957 3505 1108 3574 exemplum
1133 3503 1160 3558 in
1179 3504 1240 3573 ipso

273 3603 352 3657 initio
370 3603 433 3657 libri
451 3604 554 3659 XXXV
572 3604 587 3672 ξ
606 3603 625 3657 4
647 3603 782 3670 obiicitur,
809 3601 863 3668 ubi,
892 3617 952 3656 cum
979 3599 1013 3652 de
1032 3597 1167 3667 capitibus
1186 3602 1241 3651 sta·

272 3703 380 3750 tuarum
392 3697 590 3766 permutandis,
603 3704 633 3752 ut
645 3713 716 3752 vana
728 3711 859 3752 novarum
874 3693 981 3764 species
994 3691 1138 3758 efficiatur,
1158 3690 1196 3744 sio
1213 3691 1241 3743 in

273 3790 411 3845 codicibus
438 3791 591 3845 rectissime
624 3798 652 3845 et
683 3790 823 3860 aptissime
856 3788 1004 3842 scribatur:
1036 3792 1071 3839 ut
1103 3784 1240 3852 frangat

272 3887 369 3941 heres
397 3885 549 3954 furisque
578 3884 734 3940 detrahat
757 3884 898 3951 laqueus
920 3881 984 3947 (hoc
1003 3887 1053 3947 est,
1076 3877 1122 3932 fur
1140 3878 1240 3944 laqueo

271 3979 371 4034 iniecto
391 3985 471 4047 caput
489 3995 594 4034 aenaum
613 3978 740 4032 detrahat
757 3977 827 4031 lucri
847 3992 861 4030 c
879 3975 991 4030 metallo
1004 3972 1123 4028 faciendi
1137 3973 1240 4039 causa),

272 4089 345 4126 nuuc
372 4073 425 4126 hoc
451 4077 601 4127 monstrum
630 4073 772 4141 scripturae
801 4071 926 4125 effectum
960 4076 1014 4123 est:
1049 4074 1083 4120 ut
1106 4064 1240 4133 frangat

199 4225 202 4231 .
272 4167 369 4221 heres
387 4164 540 4233 forisque
559 4165 716 4219 detrahat
732 4164 861 4232 laqueo.

951 4278 953 4284 ¹
988 4266 1038 4320 14*
