3008 4654
652 299 774 355 Tacitus.
1144 296 1203 358 247

181 500 234 562 aut
255 498 427 564 communis
449 497 543 574 nolio,
564 517 623 581 qua
639 497 703 562 haen
717 485 839 578 prorsas
855 497 1005 562 contraria
1020 493 1244 564 contineantur.

179 601 294 668 additis
325 604 496 687 praesertim
529 604 568 669 ad
601 604 861 685 comparationem
890 603 1054 670 notandam
1085 601 1245 684 cenaculis

182 711 223 774 ut
242 743 284 756 —
305 711 373 776 ita.
422 710 536 777 Omnia
552 709 733 778 rectissima
755 713 853 787 arunt,
875 709 902 774 si
923 708 1098 792 caipscris:
1121 711 1245 791 utque

181 814 227 881 ad
248 816 473 882 fallendum
496 817 672 883 silentia
694 817 894 899 (nanno,
917 815 976 881 ita
997 817 1125 897 coepta
1147 816 1245 882 caede

181 926 238 988 cct.
281 922 443 991 Contraria
464 924 622 990 contrariis
649 922 828 1001 redduntur,
859 922 1017 988 silentium
1047 920 1244 995 clamoribus,

69 1083 72 1088 .
179 1031 239 1094 iter
265 1031 374 1113 cosptae
406 1031 491 1096 caedi.
549 1030 694 1096 Alterrari
727 1029 818 1096 facile
851 1029 970 1112 poterat
1001 1028 1245 1110 praecedentibus

179 1136 290 1202 litteris
313 1138 364 1214 io,
387 1138 585 1221 sequentibus
606 1136 674 1202 ita.

279 1289 439 1374 Agricolae
471 1309 566 1354 unum
600 1291 698 1355 locum
731 1291 894 1374 attingam,
925 1309 949 1354 n.
972 1289 1022 1366 30,
1052 1287 1105 1353 ubi
1133 1288 1165 1351 in
1188 1284 1245 1350 hnc

117 1451 120 1455 .
180 1397 347 1478 scriptura:
380 1395 460 1462 Nos
493 1398 692 1462 terrarum
724 1413 767 1464 aa
798 1397 1014 1462 libertatis
1047 1403 1244 1460 extremos
1308 1454 1309 1458 ,

178 1521 365 1568 recessus
398 1505 484 1588 ipse
515 1523 560 1570 ac
589 1503 702 1568 sinus
733 1505 904 1570 lamaein
928 1504 1029 1568 huno
1051 1503 1154 1566 diem
1177 1501 1244 1566 de·

180 1609 329 1684 fendit3
353 1630 453 1676 nnnc
474 1610 675 1677 terminus
700 1609 922 1676 Britanniae
944 1610 1059 1692 patet
1076 1623 1245 1690 numquam

180 1717 235 1780 ant
265 1717 332 1798 ipse
366 1718 538 1802 excogitare
569 1717 766 1808 potui-quis
800 1721 882 1792 esset
914 1715 1027 1782 sinus
1057 1717 1181 1791 sarna,
1213 1716 1244 1777 et

181 1823 332 1905 quomodo
365 1823 417 1890 hic
448 1823 532 1890 siuns
561 1823 724 1889 defendere
756 1825 917 1890 Britannos
947 1821 1107 1906 potuisset,
1129 1822 1183 1885 ant
1205 1822 1243 1884 ab

178 1928 248 1994 aliis
270 1930 315 1994 ita
337 1929 506 2012 expositum
529 1929 603 2007 vidi,
624 1934 659 1994 nt
672 1930 895 2015 intelligerem
919 1930 961 1995 rei
978 1928 1107 1995 alicuine
1122 1945 1243 2011 magnae

178 2053 215 2102 ac
236 2036 382 2102 terribilis
405 2037 485 2102 sama
508 2036 630 2104 defendi
659 2035 794 2122 aliquem
819 2053 908 2118 posse
931 2035 1017 2101 video
1039 2036 1071 2102 et
1091 2034 1243 2126 intelligo.

179 2143 288 2226 ltaque
310 2161 434 2225 prorsas
461 2143 656 2210 scribendum
686 2142 834 2234 arbitron:
868 2161 1053 2208 recessus
1086 2141 1172 2224 ipse
1201 2160 1244 2207 ac

178 2248 292 2316 sinus
314 2250 400 2318 fama
429 2249 466 2316 in
498 2248 601 2316 hnna
633 2249 739 2318 diem
772 2249 966 2316 defendit.
1014 2248 1143 2314 Famam
1164 2247 1243 2313 (licit

178 2355 322 2422 immensi
355 2358 506 2422 terrarum
527 2357 612 2423 sinus
634 2357 701 2423 sina
723 2357 783 2423 {ine
805 2355 1020 2446 procurrentis.
1077 2353 1142 2436 [Sic
1166 2355 1244 2422 Borr-

177 2462 366 2542 hornins.]*)

621 2631 801 2699 Suetonius.

240 2819 243 2824 ·
277 2801 358 2882 Aug.
387 2803 439 2862 lli:
473 2797 546 2862 Sed
576 2797 820 2864 adversante
851 2798 1064 2865 conatibus
1092 2800 1176 2862 suis
1199 2797 1242 2862 ln.
1280 2806 1281 2810 ’

177 2905 351 2993 Antonio
381 2903 547 2970 consule
570 2951 577 2966 .
601 2951 608 2967 .
632 2951 640 2966 .
661 2923 704 2970 ac
726 2904 997 2987 republicum
1024 2903 1180 2989 quidem
1205 2907 1244 2969 et

176 3009 468 3076 translativum
497 3013 558 3077 ius
586 3011 670 3077 ulla
697 3011 736 3078 in
766 3031 805 3076 re
834 3010 914 3077 sibi
944 3011 1031 3076 sina
1054 3011 1242 3092 pactione

176 3117 430 3200 gravissimae
452 3119 651 3183 mercedis
673 3117 955 3200 impertiente,
972 3117 1018 3182 ad
1034 3120 1242 3200 optimates

228 3386 255 3451 *l
277 3387 306 3441 C.
323 3380 360 3445 38
386 3388 495 3448 mallen
521 3405 572 3460 pro
600 3386 750 3451 redierat
776 3387 949 3446 scribendam
976 3387 1102 3444 dixissem
1124 3385 1243 3468 radicat,

277 3496 332 3538 nou
349 3481 504 3540 reditura
522 3490 608 3552 erat,
627 3481 843 3552 omisisscmque,
861 3497 923 3550 qnae
935 3481 1138 3539 inconsiderate
1151 3481 1243 3540 addidi

278 3573 311 3629 (le
329 3575 474 3630 Britannia
492 3575 729 3646 circumnavigata,
748 3573 782 3629 da
801 3590 855 3643 qua
872 3574 1015 3644 perspicue
1028 3575 1139 3630 Tacitus
1158 3575 1243 3648 scrip-

278 3667 315 3721 sit
332 3683 355 3721 c.
376 3668 416 3721 10.
461 3667 533 3723 Illud
561 3669 600 3724 sic
627 3667 715 3735 doleo,
745 3665 972 3735 quemadmodum
998 3668 1027 3721 in
1053 3667 1097 3722 his
1121 3667 1242 3722 minutiis

278 3760 372 3816 dolere
391 3759 496 3839 aliquid
513 3776 565 3831 par
582 3767 633 3829 est,
653 3775 733 3827 qnam
749 3759 778 3813 in
793 3759 921 3829 Agricola
934 3760 1053 3815 omnium
1066 3759 1242 3815 centesimam

278 3859 307 3908 et
331 3853 371 3908 ad
396 3853 486 3908 rllaciti
512 3853 698 3909 narrationem
727 3851 926 3922 expediendam
953 3853 1068 3908 maxinm
1095 3851 1242 3908 notabilem

277 3945 329 4000 feci
347 3945 574 4015 emendationem,
588 3947 719 4002 cantato
736 3945 765 3999 in
784 3961 807 4000 c.
827 3946 862 4001 24
880 3945 1056 4000 Sabrinam
1082 3959 1132 4015 pro
1159 3959 1242 3999 nane

277 4039 395 4108 prima,
422 4055 484 4096 eam
510 4040 545 4095 ab
572 4039 689 4107 Halmio,
716 4037 791 4108 qaod
820 4045 900 4096 extra
922 4030 1043 4097 ordinem
1060 4037 1153 4108 posita
1169 4042 1243 4098 cccci

229 4123 232 4126 ’
271 4132 358 4204 indu.
379 4132 444 4188 Crit.
467 4131 482 4192 l¹
500 4150 527 4202 p.
554 4132 605 4188 147
624 4133 684 4202 aa),
703 4131 813 4187 omnino
830 4147 886 4187 non
904 4145 965 4187 esse
981 4131 1205 4189 animaduersam.
