3012 4652
595 278 738 334 Cornelius
756 279 858 349 Nepos.
1157 280 1218 342 207
1353 293 1355 298 '

193 474 387 542 scribendum
411 477 494 543 erat:
523 478 698 559 patriam
727 477 899 543 heberet
926 477 1036 544 orbis
1058 479 1258 544 terrarum

192 581 399 649 dominam.
456 583 570 649 Verum
602 583 647 648 sic
675 583 797 648 tollitur
824 585 924 648 totum
946 601 1074 650 acumen
1096 583 1258 650 sententie

192 688 225 752 ot
246 689 414 775 tautologia
435 690 637 756 intolerabilis
667 690 774 767 oritur,
796 690 949 773 quoniam,
972 690 1078 773 quiin
1103 691 1258 757 domicilio

191 796 311 877 imperii
324 801 413 862 natus
429 799 485 874 est
500 795 671 862 necessario
687 797 818 877 patriam
833 795 927 861 habet
940 795 1063 880 imperii
1079 795 1258 876 dominam.)

192 901 290 967 Paulo
312 903 384 968 ante
406 902 588 968 inanissima
610 901 784 982 suspicione
807 903 991 968 damnantur
1021 904 1127 969 verba:
1156 906 1257 987 quod

191 1009 381 1075 nonnulli
401 1012 460 1075 ita
481 1009 813 1090 interpretantur
835 1012 893 1074 cet.
936 1009 1017 1074 Iuris
1045 1011 1257 1076 consultorum
1345 1088 1348 1094 ¹

173 1112 228 1182 'de
258 1115 375 1199 duplici
407 1115 533 1182 civitate
567 1115 721 1180 sententia
755 1134 814 1180 non
847 1115 893 1180 ita
925 1121 1091 1200 pervagata
1119 1121 1194 1192 erat,
1223 1124 1257 1184 ut

191 1221 282 1306 vulgo
303 1221 480 1288 hominibus
503 1224 574 1286 nota
595 1220 751 1287 communi
774 1221 916 1304 opinione
938 1224 1197 1305 comprobaretur.

289 1329 368 1394 Ibid.
385 1329 421 1394 9:
444 1325 544 1408 Quin
568 1327 706 1405 etiam,
731 1347 816 1393 cum
840 1328 916 1395 illa
937 1328 1070 1408 (Fulvia)
1093 1328 1258 1396 fundum

189 1436 365 1500 secunde
402 1433 567 1499 fortuna
600 1434 768 1500 emisset
798 1434 836 1500 in
872 1436 975 1501 diem
1009 1455 1133 1520 neque
1166 1443 1257 1520 post

191 1541 473 1607 calamitatem
495 1559 700 1606 versuram
723 1541 858 1606 facere
881 1542 1103 1624 potuisset,
1120 1543 1194 1608 ille
1216 1562 1256 1609 se

189 1647 442 1730 interposuit
474 1647 765 1732 pecuniamque
798 1646 884 1714 sine
913 1647 1051 1718 fenore
1088 1650 1255 1733 sineque
1391 1704 1393 1708 .

187 1753 1255 1838 ullastipulationecredidit‚maximumexistimans

187 1864 381 1943 questum
404 1880 614 1930 memorem
636 1862 876 1946 gratumque
899 1864 1090 1945 cognosci
1112 1863 1254 1928 simul-

188 1987 260 2052 que
283 1968 459 2051 aperire,
481 1987 521 2033 ee
544 1987 616 2034 uon
640 1969 827 2046 fortune,
850 1967 919 2033 sed
937 1967 1169 2035 homiuibus
1191 1988 1254 2034 so-

186 2074 269 2141 lere
300 2093 388 2141 esse
418 2075 597 2141 amicum.
649 2073 699 2140 Sic
721 2075 867 2141 mendose
889 2073 1028 2153 codicee;
1051 2094 1149 2159 neque
1172 2075 1253 2142 enirn

188 2182 287 2248 solum
319 2201 466 2266 perquam
498 2182 571 2247 dure
601 2181 695 2264 atque
725 2182 915 2267 ineleganter
937 2182 1164 2265 coniunguntur
1186 2199 1255 2249 sen·

187 2288 287 2354 tentia
319 2288 440 2357 infinita
472 2289 603 2371 passivae
636 2291 742 2354 formae
775 2287 820 2354 et'
837 2287 1010 2354 infinitivus
1039 2289 1167 2368 activus,
1191 2291 1254 2367 aed,

186 2395 309 2462 etiamsi
341 2396 407 2462 haec
440 2395 612 2462 coniunctio
645 2397 814 2471 excusetur,
843 2414 965 2477 prorsus
993 2413 1255 2478 prorumperes

186 2506 234 2568 est
254 2503 430 2586 aperire,
455 2503 597 2587 quoniam
625 2519 685 2567 nou
708 2502 746 2566 de
768 2502 886 2567 occulto
905 2501 1038 2585 quodam
1052 2500 1148 2566 animi
1164 2520 1255 2567 seusu

186 2609 240 2674 aut
272 2608 310 2674 de
344 2610 461 2675 secreto
496 2607 624 2675 coneilio
656 2608 819 2690 aperiendo
852 2606 964 2690 agitur,
994 2607 1107 2672 cedde
1129 2607 1253 2692 ingenio
1297 2614 1322 2640 ‘-

186 2716 381 2798 moribusque
415 2734 522 2798 reapse
556 2717 588 2780 et
619 2714 737 2798 agendo
771 2713 962 2780 declarandis
985 2712 1252 2797 ostendendisque.

186 2822 294 2906 Itaque
328 2823 404 2888 nihil
436 2821 602 2906 proficiunt
623 2821 765 2900 editores,
795 2839 831 2885 ex
863 2820 1026 2885 temeraria
1049 2819 1253 2903 Peerlkampii

179 2931 361 3007 ‚coniectura
394 2928 552 3013 aperire
585 2930 616 2992 in
650 2927 836 3010 aperiens
868 2928 1034 2992 mutantes.
1081 2918 1178 3005 (Quid
1205 2930 1254 2993 est

186 3035 268 3101 enim
302 3035 477 3103 huiusmodi
507 3034 757 3100 terminationum
787 3031 1066 3098 dissimillimarum
1095 3034 1253 3116 permuta-

186 3143 269 3208 tione
291 3142 499 3208 incredibilius
508 3145 537 3219 ι)
592 3140 794 3206 Scribondum
817 3141 899 3206 erat:
929 3138 1131 3222 simulque
1153 3157 1252 3225 appa·

139 3282 142 3286 ·
184 3267 268 3327 rere,
297 3267 337 3314 sc
367 3251 426 3314 oet.
473 3249 568 3314 Recte
596 3248 657 3314 iam
688 3247 800 3312 coeunt
834 3246 900 3312 duee
933 3246 1094 3312 sententies
1116 3244 1251 3311 infinitae.

186 3354 252 3435 [Sic
274 3356 335 3420 iam
358 3353 485 3438 quidam
506 3352 588 3437 apud
611 3352 798 3432 Schottum.]
861 3389 865 3397 ·

508 3549 900 3639 'SeneeaPhilosoplrus
934 3572 936 3576 ·

45 3691 51 3701 “
185 3703 186 3706 ’
287 3685 409 3749 Senecae
442 3683 624 3766 Philosophi
656 3700 756 3766 opera,
790 3681 830 3748 ad
863 3699 930 3765 quoe
963 3680 1156 3747 emendanda
1192 3699 1251 3747 non

186 3791 325 3874 exiguam
349 3792 510 3858 materiam
534 3793 564 3854 in
585 3788 771 3856 Adversaria
793 3788 899 3854 critica
920 3788 1119 3866 contuleram,
1144 3788 1253 3870 postea

184 3915 243 3961 non
266 3897 329 3961 lero
351 3897 455 3981 attigi,
477 3896 537 3962 nisi
559 3898 650 3980 quod,
672 3915 742 3962 cum
764 3896 795 3961 in
817 3894 904 3960 libris
926 3895 964 3959 de
987 3893 1143 3960 beneficiis
1167 3893 1251 3958 etde

184 4003 349 4068 clementia
371 4002 485 4068 codicis
501 4002 665 4068 Nazariani
689 4003 847 4086 scripturae
870 4000 989 4084 plenius
1004 4003 1135 4066 enotatae
1151 4001 1189 4066 ab
1208 3999 1251 4064 Μ.

182 4106 318 4192 Hauptio
350 4128 400 4174 me
431 4107 642 4174 intercedente
670 4127 738 4173 cum
761 4108 882 4174 Gertzio
909 4106 1059 4191 discipulo
1082 4108 1113 4172 et
1135 4106 1252 4190 collega
