3008 4654
309 309 371 374 m
670 311 934 383 mmmm
1045 358 1049 366 .

267 507 411 574 libens.
456 508 677 575 scribendum:
700 511 784 594 qui,
808 512 851 576 ut
870 510 1048 598 prudentes
1072 509 1240 590 definiunt
1262 513 1337 577 ini·

267 616 457 681 micorum
487 617 666 682 minuere
697 634 900 682 numerum
931 636 1162 703 augereque
1184 619 1336 685 amico-

267 741 352 787 rum
383 723 527 804 sponte
558 739 628 787 sua
660 722 874 789 contendit
905 742 948 791 ac
978 723 1122 791 libens.
1180 724 1274 808 Sequi
1303 743 1336 792 se

268 825 469 910 prudentium
493 847 529 894 uc
544 826 730 912 sapientium
745 833 932 911 praeceptum
948 831 1115 913 imperator
1131 829 1336 914 significat.*)

368 931 449 998 lbid.
470 934 539 1018 §72
562 935 848 1017 qui(Apis)cum
871 938 961 1020 post
981 935 1337 1020 vivendispalium

266 1039 430 1123 praestit
465 1041 547 1105 tum
569 1059 682 1108 sacro
705 1042 818 1108 fonte
839 1043 1051 1108 immersus
1072 1062 1088 1108 e
1111 1042 1197 1110 vite
1223 1042 1337 1109 sbie·

266 1145 323 1210 rit
359 1154 443 1224 (neo
478 1148 581 1212 enim
618 1193 752 1211 .....
789 1148 1019 1216 auctoribus
1060 1150 1336 1234 mysticorum)

141 1299 145 1306 .
268 1255 437 1318 necatur
468 1251 618 1336 borago
652 1255 737 1319 arei
770 1256 839 1322 bos
871 1257 1022 1321 semina
1054 1256 1219 1320 inventa
1253 1275 1337 1321 oum

268 1361 376 1425 notis
410 1359 537 1425 certis
569 1358 748 1426 oflertur
781 1364 840 1427 oet.
884 1362 921 1427 ln
945 1361 1003 1428 bac
1024 1362 1165 1428 codicum
1186 1363 1337 1445 scriptura

267 1466 308 1531 ad
319 1466 513 1531 sarciendam
527 1465 675 1531 orationis
691 1467 907 1534 oobaerentiam
924 1468 1057 1534 editores
1071 1469 1141 1550 post
1152 1467 1337 1533 Salmasium

267 1576 338 1656 post
369 1573 464 1638 verbe
495 1573 565 1637 bos
597 1572 745 1638 femina
777 1575 915 1640 inserunt
945 1594 1026 1658 quoe
1048 1579 1100 1650 ei;
1134 1575 1194 1640 hac
1214 1575 1338 1640 retenta

267 1679 504 1762 interpolatione
524 1676 680 1761 Hauptius
703 1697 738 1744 ex
761 1679 874 1746 litteris
896 1681 1046 1764 borago
1068 1682 1151 1746 arei
1173 1679 1338 1763 exsculpsit

268 1785 463 1869 choragio
499 1785 602 1867 pori,
639 1785 688 1850 cui
724 1785 908 1852 coniectura
944 1787 1058 1863 obstat,
1095 1786 1177 1870 quod
1213 1786 1337 1852 nullum

268 1892 394 1957 omnino
426 1890 602 1975 choragium
635 1891 666 1956 in
699 1890 766 1973 ipso
796 1893 855 1976 Api
885 1893 1022 1959 necando
1049 1893 1258 1976 significatum
1280 1895 1336 1959 est.

268 1998 474 2064 Probabiliore
510 1998 621 2062 harum
652 1996 826 2062 litterarum
857 2001 1043 2065 correctione
1072 1999 1167 2064 simul
1189 1997 1337 2064 orationis

269 2105 424 2168 structura
456 2103 522 2168 eine
551 2102 763 2168 additamento
792 2103 847 2170 illo
869 2111 964 2190 (quoe
986 2106 1035 2182 ei)
1058 2105 1233 2187 expeditur:
1267 2123 1337 2171 ne-

269 2210 383 2275 cetur
408 2224 571 2294 propugo;
606 2208 979 2294 par<enim>eibos
1001 2211 1150 2277 femina
1171 2212 1339 2277 inventa

270 2334 353 2380 oum
374 2316 484 2381 notis
503 2315 629 2381 certis
649 2315 834 2381 offertur.
867 2317 995 2401 Propter
1012 2318 1048 2383 ei
1062 2334 1228 2401 pronomen
1242 2317 1339 2383 inter-

269 2421 346 2487 cidit
359 2420 516 2487 simillime
530 2421 645 2505 scripta
655 2441 709 2506 per
721 2424 934 2507 compendium
945 2423 1097 2507 particula
1118 2423 1220 2489 onim
1237 2431 1267 2501 (e
1276 2432 1338 2503 ni).

270 2528 346 2593 Per
369 2547 405 2593 eo
426 2527 602 2612 significatu
625 2527 746 2608 dicitur,
770 2549 829 2614 quo
844 2531 925 2613 apud
941 2528 1086 2596 Ovidium
1103 2529 1187 2594 Fast.
1204 2529 1260 2608 ΙΙΙ,
1276 2528 1339 2592 526

270 2653 355 2700 cum
388 2652 481 2717 pare
514 2634 685 2718 quisque
717 2654 787 2700 sua
815 2638 848 2700 st
869 2636 950 2718 apud
973 2635 1109 2702 Plinium
1129 2637 1168 2700 H.
1191 2634 1227 2700 N.
1252 2636 1338 2716 ΙΙΙΙΙ,

269 2741 311 2805 86
341 2745 373 2806 et
402 2741 558 2826 Hyginum
582 2739 655 2806 Feb.
681 2741 750 2804 136.
797 2742 842 2806 Ex
866 2742 923 2809 hac
946 2743 1013 2825 pari
1037 2742 1113 2826 Apis
1137 2743 1338 2826 propaginem

268 2848 410 2913 habebat.

369 2951 1337 3038 loid.15,3:Pauooiraquesuperbonoroloom-

268 3061 375 3125 nium
397 3059 569 3125 flumine
590 3058 756 3124 Nilo...
779 3059 1017 3144 praestringi
1040 3061 1256 3127 conveniet
1278 3062 1338 3128 cet.

270 3164 343 3232 Sine
365 3164 429 3230 ulla
451 3164 579 3230 minima
601 3165 817 3247 probabilitate
839 3165 906 3232 tolli
935 3166 1080 3232 iubentur
1100 3169 1195 3234 verbe
1216 3169 1339 3235 bene·

268 3272 360 3338 volo
394 3273 566 3336 omnium
598 3271 787 3347 flumine;
826 3272 985 3355 aptissime
1017 3275 1100 3338 enim
1130 3292 1149 3338 a
1180 3274 1271 3340 lende
1304 3278 1337 3340 et

268 3377 418 3443 beneficio
440 3375 578 3443 fluminis
599 3377 721 3444 initium
745 3377 812 3442 eius
834 3378 1094 3445 commemorandi
1117 3379 1247 3462 capitur.
1293 3384 1339 3446 At

267 3483 432 3550 dicendum
461 3483 583 3549 videtur
611 3483 707 3548 fuisse
734 3484 905 3549 necessario
938 3484 1337 3552 benevolentissimo

268 3590 450 3656 omnium.
500 3589 638 3654 Eandem
661 3590 764 3654 tamur
788 3590 973 3655 sententiam
995 3591 1090 3656 etium
1112 3611 1183 3658 cum
1205 3611 1336 3678 exagge-

268 3695 386 3763 ratione
407 3693 572 3762 Ammiano
607 3695 702 3777 digua
733 3713 954 3779 consequemur
982 3696 1090 3762 addita
1121 3700 1237 3777 vocula,
1268 3717 1340 3783 quae

320 3964 347 4032 *)
366 3964 398 4017 In
424 3963 554 4034 proximis
582 3964 608 4032 (ξ
636 3965 663 4032 6)
691 3964 773 4018 scribi
800 3964 894 4019 debet:
931 3967 1023 4035 Apim
1050 3966 1164 4022 bovem
1191 3983 1340 4037 operosa
1410 3953 1413 3958 ’

368 4058 541 4124 quaesitum
559 4055 729 4112 industria
750 4054 864 4112 tandem
883 4057 971 4124 (codd.
992 4067 1020 4114 et
1038 4059 1098 4114 edd.
1119 4065 1239 4127 tamen)
1258 4069 1341 4130 post

369 4153 497 4218 tempus
515 4149 662 4203 inveniri
681 4150 842 4220 potuisse.
