3008 4654
313 301 374 371 tte
487 349 489 354 -
673 303 733 364 Lib.
752 307 787 362 11.
807 307 872 382 dap.
892 303 936 364 VI.

371 505 446 572 lbid.
472 508 491 570 9
514 503 558 584 (in
581 507 719 590 exemplo
741 505 936 584 Stratoclis):
959 509 1012 572 At
1033 505 1224 572 consiliis
1246 523 1338 586 cap·

269 615 332 678 tas
354 611 488 678 ararit
510 631 619 695 opos,
656 630 754 695 quas
781 609 934 695 cupitis
956 632 1102 696 augere
1124 632 1198 678 non
1221 615 1338 695 pote-

269 719 355 784 stis.
413 717 505 784 Varie
541 722 574 785 et
605 717 756 785 violenter
786 718 853 783 hac
884 719 1053 797 tentantur,
1088 722 1120 784 at
1152 719 1192 784 ad
1221 719 1337 784 lacuum

269 825 475 910 suspicionem
498 825 681 908 confugitur.
714 824 864 892 Faciliora
886 825 937 889 ria
959 843 1063 889 vorum
1080 824 1204 890 restitui
1220 826 1336 907 potest:

268 933 320 995 At
342 931 534 998 consiliis
556 931 682 998 tractam
709 931 842 995 aerarii
872 949 982 1013 opes,
1013 948 1084 1015 qum
1106 931 1237 1016 capitis,
1268 948 1337 994 au·
1445 987 1448 991 .

268 1055 359 1121 gare
383 1057 454 1103 non
477 1038 664 1120 potestis.
715 1037 884 1102 Fractaa
905 1036 968 1102 ianr
990 1038 1128 1102 Iacobus.

370 1177 449 1245 lbid.
467 1179 504 1242 16
520 1180 565 1255 (in
582 1179 720 1262 exemplo
736 1179 983 1257 Demosthenis):
1005 1177 1133 1257 Nunc,
1156 1178 1335 1260 quoniam

269 1285 313 1349 de
334 1303 408 1362 me,
431 1286 473 1349 ut
497 1285 622 1364 volui,
657 1286 870 1370 cognostis
897 1285 1092 1351 iudicium
1117 1302 1183 1366 per
1204 1284 1336 1366 ipsius

267 1390 371 1456 vitia
401 1392 650 1457 constituam
680 1412 765 1457 nam
796 1393 883 1458 dum
912 1410 1008 1475 opus
1038 1397 1107 1457 est.
1155 1391 1200 1455 Ex
1221 1389 1336 1455 littoris

266 1499 339 1579 post
375 1516 453 1562 verae
491 1499 649 1582 scripturae
684 1497 935 1580 depravationem
973 1501 1004 1564 et
1037 1497 1268 1564 dissolutionem
1302 1496 1334 1559 iu

269 1605 446 1670 Latinarum
467 1624 573 1670 vocum
591 1607 724 1688 speciem
740 1604 894 1689 quandam
909 1605 1126 1690 conglutinatis
1141 1603 1334 1670 alliciendum

173 1761 174 1766 η
268 1712 403 1777 videtur:
426 1710 538 1778 Nunc
560 1759 568 1775 .
591 1760 598 1775 .
623 1759 630 1774 .
653 1713 880 1796 cognostis,
903 1712 1034 1792 iudices,
1050 1728 1227 1798 parumper
1240 1709 1335 1776 istius

267 1817 336 1884 vita
368 1817 594 1886 constituenda
624 1819 658 1885 in
694 1817 794 1885 oculis
828 1821 897 1885 est.
956 1820 992 1884 In
1029 1818 1132 1884 codice
1170 1816 1334 1901 archetypo

268 1926 401 1990 breviter
421 1926 569 2008 scriptum
592 1927 692 1991 suerat
712 1927 788 1991 iud.
811 1945 865 2009 pro
887 1926 1054 1992 iudices.

370 2066 446 2132 lbid.
479 2068 516 2129 19
549 2070 593 2146 (in
628 2067 766 2151 exemplo
799 2067 997 2151 Hyperidis):
1030 2068 1155 2150 Leges
1187 2067 1334 2149 igiter,

268 2191 351 2255 qua
387 2173 659 2255 prohibebant
695 2175 791 2254 haec,
829 2194 902 2241 non
939 2174 1204 2258 negligebas?
1252 2172 1333 2237 Non

267 2283 462 2361 poteram,
497 2283 713 2363 propterea
745 2282 846 2365 quod
877 2281 1037 2346 litteris
1067 2300 1197 2345 aarum
1228 2297 1334 2344 arma

267 2385 527 2451 Macedonum
560 2387 749 2471 opposita
781 2388 1049 2455 obsistebant.
1102 2388 1218 2452 Minore
1241 2385 1333 2450 moli-

267 2495 358 2570 mina,
381 2512 471 2576 quarn
495 2513 555 2576 quo
576 2493 718 2560 Halmius
747 2514 820 2561 usus
850 2497 908 2572 est,
935 2512 1041 2558 verum
1070 2494 1251 2558 restituetur
1272 2492 1332 2556 sic:

266 2598 392 2682 Leges
414 2599 560 2690 igitur,
580 2619 662 2682 quae
684 2600 957 2684 prohibebant
977 2600 1072 2677 haeo,
1091 2620 1161 2664 nou
1179 2598 1333 2683 legebas?

265 2704 346 2769 Non
380 2707 578 2788 poteram,
619 2708 835 2788 propterea
868 2708 968 2790 quod
1001 2706 1164 2770 litteris
1197 2725 1332 2771 aarum

264 2829 371 2875 arma
405 2811 663 2878 Macedonum
698 2811 888 2896 opposita
919 2813 1185 2879 obsistebant.
1232 2813 1333 2896 Urget

266 2917 459 2982 adversarius
481 2917 708 3002 interrogando,
730 2938 804 2984 num
834 2919 869 2997 is,
900 2920 953 3000 qui
975 2920 1111 2984 oratione
1133 2938 1166 2984 se
1184 2916 1331 2996 defendit,

264 3025 348 3106 leges
381 3025 445 3089 suis
476 3024 685 3109 rogationibus
719 3023 887 3090 contrarias
920 3025 1106 3110 ignoraverit
1135 3045 1190 3091 nec
1212 3026 1330 3109 legerit.

265 3130 444 3212 Respondet
464 3133 576 3209 orator,
599 3150 631 3197 se
654 3150 705 3210 ees
721 3134 846 3213 propter
864 3151 950 3198 arma
965 3131 1167 3198 Macedonum
1191 3132 1333 3216 opposita

262 3236 365 3320 legare
397 3255 456 3303 uon
489 3237 635 3320 potuisse,
669 3239 727 3303 hoo
759 3241 816 3316 est,
850 3256 901 3303 eas
933 3236 965 3305 vi
997 3257 1149 3304 armorum
1179 3239 1332 3304 invalidus

263 3343 366 3408 luisse.
403 3343 464 3425 [Sic
485 3343 708 3426 iam'Tollius.l

364 3483 432 3549 Lib.
454 3485 538 3560 11,o
566 3486 598 3552 in
625 3485 763 3578 exemplo
786 3484 919 3550 Charisii
948 3484 1142 3550 scribendum
1165 3487 1228 3551 est:
1252 3486 1332 3551 haec

265 3591 297 3656 si
321 3608 495 3674 praesens
518 3593 626 3677 agat,
643 3595 685 3656 ut
706 3591 808 3671 dixi,
825 3591 1083 3674 respublica,
1100 3590 1329 3673 quidanimi

264 3695 722 3790 sitishabituri,quaero.
787 3725 789 3742 τ

362 3815 439 3880 ibid.
466 3816 502 3878 18
525 3816 569 3891 (in
592 3817 730 3898 exemplo
752 3816 1001 3894 Demosthenis):
1031 3815 1176 3881 Vestra
1197 3834 1330 3898 opera,

262 3922 551 3999 Athenienses,
582 3921 620 3985 in
643 3922 757 3987 tanto
782 3941 845 3986 res
867 3922 1031 4003 publica
1052 3923 1233 4004 periculo
1255 3928 1329 3988 est.

266 4027 338 4090 l'os
372 4029 475 4092 euim
508 4029 727 4094 defendere
758 4029 975 4094 defecistis
1004 4030 1062 4094 cet.
1107 4027 1330 4095 Scribendum:

262 4134 338 4199 Vos
361 4134 463 4199 enim
485 4135 526 4200 de
548 4133 670 4200 ledere
692 4133 921 4199 defecistis.
