2974 4660
302 289 344 351 σι
671 287 732 341 ura.
751 287 772 340 1.
793 287 857 357 cap.
877 287 924 341 ru.

346 477 535 571 στρατηγός
558 490 663 561 ἐστιν,
685 479 826 571 ἡγεμών
848 487 881 552 δὲ
904 479 1065 571 θάτερον.

345 588 453 664 οὕτως
476 585 527 677 ἐφ’
549 586 635 677 ἡμῖν
657 589 817 675 σκενρὶσαι
840 599 905 678 μὲν
927 588 949 677 ἢ
972 606 1090 678 τεμεῖν

697 725 725 764 κ.
748 725 776 764 τ.
800 703 827 766 i..

254 849 367 915 erario
389 849 433 916 sic
455 851 652 936 integranda:

316 1073 319 1083 ¹
345 995 370 1066 ω’
378 1027 394 1075 ς
416 1000 495 1087 γσὶρ
519 999 706 1090 στρατηγός
728 1004 796 1076 eruc
819 997 952 1070 καλεῖθ’
974 999 1011 1079 ὃς
1034 1001 1077 1070 <iv
1101 1001 1190 1096 λάβῃ

345 1102 507 1195 δύναμιν,
529 1105 549 1176 ὁ
570 1116 688 1194 μέντοι
712 1105 904 1196 δυνάμενος
926 1105 991 1178 κσῖν
1014 1105 1215 1200 ιιρσῖγιιασιν

345 1210 605 1303 α’νασνραφῆναι
629 1219 683 1284 καὶ
708 1218 901 1306 διαβλέψαι,
925 1221 985 1299 τίς
1008 1222 1109 1300 σιούς

344 1319 531 1412 στρατηγός
553 1332 656 1403 ἐστιν,
678 1319 819 1411 ἡγεμών
840 1325 873 1392 δὲ
897 1322 1057 1411 musaeus,

343 1426 450 1504 οὕτως
472 1425 523 1516 ἐφ’
545 1426 630 1517 ἡμῖν
652 1458 682 1498 ιι.
705 1459 734 1497 τ.
758 1434 786 1497 λ.

359 1599 583 1683 Imperatorem
604 1603 696 1686 vulgo
719 1601 843 1685 quidem
866 1602 1025 1684 appellari,
1041 1603 1226 1686 quicumque
1244 1621 1330 1668 exer·

257 1703 337 1772 citui
358 1705 551 1788 premimur,
576 1709 667 1785 dicit3
701 1728 770 1774 vere
799 1708 856 1775 hec
885 1728 995 1774 nomeu
1021 1713 1144 1774 tantum
1166 1712 1194 1774 ei
1217 1710 1330 1785 deberi,

253 1813 315 1894 qui
337 1813 417 1878 sciat
436 1812 469 1878 iu
492 1815 582 1880 rebus
604 1816 745 1898 gerendis
775 1816 932 1898 dispicere,
963 1815 1038 1899 quid
1059 1815 1214 1900 agendum
1237 1818 1279 1881 sit
1300 1821 1331 1882 eu

261 1937 323 2001 que
346 1919 423 1984 lece.
472 1915 624 2004 Θάιιροα
646 1921 801 1987 Meinelrio
824 1923 961 1989 debetur.

359 2143 437 2209 lbid.
460 2164 485 2210 c.
531 2147 566 2209 ln
595 2146 661 2211 leco
691 2167 726 2212 er
753 2147 861 2213 eadem
889 2147 993 2212 fabula
1014 2147 1194 2231 deprompto
1210 2167 1352 2246 ¹coquus

251 2247 297 2312 «de
321 2251 386 2314 arte
409 2269 465 2316 sua
487 2252 648 2335 magnifice
668 2252 822 2318 disserens
845 2253 1031 2336 discipulum
1053 2255 1098 2320 sic
1119 2255 1281 2326 admonet:

340 2395 391 2488 μή
415 2397 517 2469 πέντ’
539 2401 640 2471 ἄκουε
663 2407 749 2491 μηδὲ
775 2400 889 2470 πάντα
911 2399 1074 2489 μα’νθανε

341 2511 409 2574 τών
430 2513 556 2596 βιαίων
579 2507 654 2581 ἔσθ’
676 2523 773 2579 ἕνεκα
796 2508 838 2578 (ια’
861 2518 1081 2600 γεγραμμένα

220 2641 225 2652 ·
342 2613 422 2682 κενέ
446 2621 580 2702 μᾶλλον
602 2616 625 2706 ἢ
648 2617 704 2686 ὅτε
728 2613 771 2706 ἦν
794 2615 926 2688 οὐδέπω
948 2625 1207 2708 γεγραμμένα,

357 2792 538 2859 Postremus
560 2814 666 2860 versus
688 2797 720 2860 in
742 2796 808 2862 selo
830 2796 935 2862 codice
956 2799 985 2860 A
1008 2797 1148 2862 seruatus
1168 2794 1329 2861 sententia

253 2897 293 2961 et
315 2898 444 2963 crationi
467 2919 591 2983 prorsus
612 2903 801 2968 necessarius
824 2905 880 2976 esi.
902 2922 1062 2986 causaque,
1090 2922 1143 2969 cur
1164 2901 1196 2966 in
1219 2902 1328 2967 ceieris

257 3000 415 3069 codicibus
438 3007 593 3085 exciderit,
616 3009 790 3086 manifesta,
814 3009 902 3093 'quod
933 3010 993 3075 duc
1014 3028 1121 3076 versus
1143 3012 1214 3092 apte
1237 3012 1268 3073 ei
1290 3009 1327 3072 de

259 3109 412 3176 industria
443 3113 551 3178 eedem
585 3116 732 3180 vocabulo
764 3115 1020 3182 terminabantur.
1075 3115 1136 3182 Sed
1165 3109 1206 3181 ια’
1229 3116 1326 3201 βίαια

141 3245 143 3254 ·
257 3215 337 3280 nihil
359 3217 409 3283 hic
430 3217 491 3284 leci
512 3220 637 3310 habeut,
660 3228 691 3286 et
712 3223 816 3304 aperie
836 3221 1027 3288 desideratur
1042 3222 1168 3308 aliquid,
1184 3221 1266 3306 quod
1282 3241 1326 3295 ea,

259 3340 327 3404 quae
350 3323 387 3389 de
410 3325 533 3407 scriptis
565 3327 778 3408 subiciuntur,
812 3349 881 3395 cum
915 3328 1121 3409 superioribus
1153 3328 1326 3412 coniungat,

255 3427 291 3492 in
314 3429 425 3512 quibus
447 3432 534 3497 nulla
556 3437 604 3500 est
624 3438 848 3519 praeceptorum
878 3436 992 3502 litteris
1018 3435 1205 3500 traditorum
1227 3434 1325 3518 signi·

255 3534 372 3601 ficatio.
416 3536 502 3616 Quod
519 3539 719 3619 desideratur,
743 3541 890 3608 facillime
907 3542 1037 3617 eruitur3
1061 3541 1222 3624 scripserat
1241 3543 1324 3608 euim

248 3639 438 3725 Dionysiust

339 3789 389 3877 μή
412 3789 514 3864 πάντ’
535 3795 636 3865 cineus
657 3801 745 3884 μηδὲ
767 3797 881 3864 ιισῖνασι
904 3793 1067 3884 μάνθανε

341 3902 408 3968 τῶν
428 3906 626 3989 βιβλίων·
652 3901 730 3974 ἔστ’
752 3910 894 3975 ἐνίοτε
916 3902 958 3974 ἰα’
982 3911 1201 3994 γεγραμμένα

339 4003 421 4074 arvei
442 4012 577 4095 μᾶλλον
598 4007 620 4099 ἢ
643 4008 693 4081 ὅτ’
715 4007 760 4102 ἦν
782 4009 913 4083 ου’έὲπαι
936 4018 1166 4102 γεγραμμένα.
