3012 4652
549 292 690 348 Ciceronis
708 295 854 350 crationes.
1135 295 1193 357 155

269 489 346 556 Ibid.
368 491 440 570 Xll,
456 491 514 556 24:
537 491 715 557 Teneent
737 491 813 556 alii
835 493 985 571 eastre,
1008 493 1152 576 gerant
1174 510 1236 559 ros

170 595 362 674 bellicus,
394 596 557 663 oderint
584 596 740 663 hostem
762 633 801 645 -
824 617 910 665 narn
933 599 1004 664 boc
1027 599 1146 680 ceput
1174 600 1237 664 est

168 726 226 778 —;
261 721 347 782 nos,
376 704 418 768 ut
451 703 624 770 dicimus
647 710 717 780 (scr.
740 723 810 770 curn
841 704 972 772 Grutero
1004 703 1236 782 didicimus)

169 828 405 893 semperque
438 809 627 884 fecimus,
661 810 794 876 urbem
829 812 867 876 ct
900 831 962 876 res
995 811 1167 876 urbanas
1196 857 1236 872 ..

169 917 386 982 tuebimur.
430 916 576 996 Verbum,
602 916 683 1000 quod
705 918 754 982 est
775 917 953 995 oderint,
976 919 1089 984 frustm
1105 917 1237 984 Orellius

169 1024 249 1092 tueri
274 1028 403 1098 conatus
426 1027 474 1090 est
497 1043 532 1088 ea
554 1023 731 1106 supplendo,
755 1043 824 1108 quae
845 1024 876 1089 iu
901 1025 1002 1090 verbis
1024 1043 1080 1090 nec
1095 1042 1237 1106 expressa

169 1132 241 1196 sunt
265 1150 320 1198 nec
342 1130 563 1215 significantur.
608 1131 652 1194 llx
674 1131 742 1212 ipso
764 1130 826 1208 illo,
849 1129 932 1214 quod
954 1129 1118 1196 subiicitur
1139 1137 1237 1207 (nem

169 1238 240 1303 boc
270 1241 391 1320 ceput
420 1242 504 1314 est),
533 1237 670 1318 apparet,
695 1239 781 1302 ouius
803 1238 963 1302 sententiae
985 1239 1113 1304 verbum
1135 1238 1238 1321 requi·

169 1346 264 1410 ratur.
309 1343 475 1410 Geminatn
497 1345 633 1408 extrema
658 1344 858 1427 precedentis
879 1345 1022 1410 vocabuli
1037 1344 1142 1412 littera
1157 1343 1237 1408 effici

162 1449 309 1536 uidetur:
332 1453 488 1538 superent
509 1450 718 1528 bassanu

270 1570 347 1635 Ibid.
370 1568 459 1646 XIIl,
482 1569 539 1633 36:
569 1567 762 1633 Difficile
793 1569 853 1632 cst
875 1569 1039 1633 credere
1062 1585 1144 1644 eos,
1167 1569 1235 1650 qui

171 1695 227 1741 me
245 1676 497 1759 praeeipitem
521 1674 682 1758 egerint
704 1675 957 1757 aequissimas
987 1671 1238 1740 condiciones

170 1783 365 1848 ferentem
389 1827 522 1844 .....
531 1830 538 1861 ,
567 1783 709 1864 putare
741 1779 901 1862 aliquid
935 1779 1139 1844 moderate
1171 1785 1239 1844 aut

170 1889 339 1955 humane
373 1907 460 1954 esse
491 1888 680 1955 facturos.
736 1888 887 1966 Munatio,
920 1888 972 1970 qui
995 1887 1077 1951 recte
1099 1889 1238 1950 senserat

171 1997 281 2062 vitiose
297 2015 475 2062 concurrere
497 1996 661 2062 eredere
677 2042 684 2058 .
702 2041 709 2057 .
726 1996 887 2078 putere,
910 1990 1073 2076 opponitur
1086 1975 1239 2058 Prisciani

170 2105 346 2182 auctoritas,
368 2103 421 2188 qui
445 2123 480 2167 ex
502 2103 559 2168 hoc
580 2103 651 2169 loco
672 2101 790 2184 profert
811 2102 955 2185 putere
979 2147 985 2162 .
1012 2145 1019 2161 .
1042 2098 1247 2164 facturos

171 2210 324 2276 Videlicet
353 2210 512 2275 Manutius
542 2229 602 2275 uon
633 2210 776 2294 putare
804 2208 913 2274 tollere
936 2205 1052 2281 debuit,
1076 2206 1130 2271 sed
1153 2225 1239 2270 cre-

167 2319 276 2395 dere,
301 2318 381 2400 quod
403 2317 547 2382 librarius
569 2315 608 2382 ad
632 2315 816 2381 difficile
840 2318 900 2380 est
922 2313 1052 2390 eddidit,
1075 2332 1144 2378 cum
1161 2332 1237 2378 uou-

166 2425 243 2489 dum
263 2424 533 2489 animadvertisset
555 2424 642 2506 sequi
664 2425 817 2506 putere.
872 2420 969 2507 [Hauc
991 2419 1236 2485 emendationem

168 2551 228 2597 non
262 2531 453 2596 attenderem
491 2531 553 2596 iem
591 2549 661 2595 cum
694 2531 819 2594 Halmio
857 2526 1114 2594 communicatam
1153 2531 1184 2589 et
1218 2546 1236 2590 a

170 2637 305 2722 Kaysero
328 2638 483 2720 receptam
505 2635 649 2722 esse.l**)

610 2886 697 2969 cap.
722 2887 791 2953 111.

558 3054 698 3110 Ciceronis
717 3053 849 3124 epistolae.

202 3303 203 3306 Ἴ
272 3207 406 3296 Epistol.
441 3206 484 3274 ad
516 3207 616 3275 famil.
650 3207 675 3284 I,
709 3209 738 3285 9,
774 3207 826 3272 10:
866 3208 953 3273 Haee
986 3228 1069 3273 cnm
1101 3207 1146 3273 ed
1180 3227 1237 3274 me

170 3317 300 3382 irater
325 3316 588 3398 pertulisset,
612 3316 756 3379 etcum
784 3318 915 3380 tamen
946 3315 1159 3398 Pompeius
1189 3312 1235 3379 ad

171 3443 226 3488 me
249 3436 332 3488 cum
361 3423 564 3488 mendatis
594 3420 821 3486 Vibullium
848 3420 1034 3487 misisset
1056 3421 1115 3487 cet.
1160 3419 1237 3484 Son·

223 3678 248 3745 *J
268 3679 283 3748 ξ
301 3679 345 3748 23,
362 3679 410 3734 ubi
428 3678 568 3735 scribitur:
588 3698 661 3736 num
680 3680 815 3736 aberret
834 3693 851 3733 e
869 3678 1067 3734 coniectura
1085 3677 1235 3747 suspicio

270 3773 414 3843 periculi
442 3775 517 3844 mei,
545 3774 662 3829 delenda
689 3779 731 3829 eet
757 3771 924 3843 preepositin
972 3769 1024 3840 ani
1052 3771 1236 3827 coniecturam

270 3863 346 3933 iacit,
364 3872 395 3920 ut
413 3868 465 3922 hnc
483 3868 545 3923 loco
564 3867 726 3938 suspicio,
744 3883 800 3922 nnn
818 3866 929 3921 aberret
948 3864 1142 3933 aconiecture,
1155 3880 1236 3933 quem

270 3956 346 4026 iecit,
365 3959 413 4015 sed
433 3960 591 4016 coniectare
609 3960 808 4028 (coniectando)
830 3959 940 4015 aberret
958 3960 986 4026 (e
1004 3958 1138 4024 veritate).

205 4052 249 4121 **)
267 4053 341 4122 XIV,
368 4053 402 4107 13
429 4053 552 4124 proxime
577 4053 638 4110 cod.
664 4060 677 4109 t
704 4053 889 4111 scribendum:
925 4053 1070 4124 impetus
1096 4052 1236 4110 crimen·

272 4150 394 4218 (que)
415 4149 602 4216 quaeretur?
