2976 4668
293 234 356 298 216
654 235 715 289 Inb-
734 235 771 289 Il.
789 234 855 304 sap
870 235 920 290 IV.

251 434 396 512 tutem,
418 436 521 518 qnod
541 436 617 502 hac
633 436 849 516 voluptate
876 450 952 498 non
981 431 1130 514 capior.
1179 431 1327 497 Amidui-

251 541 328 606 telis
359 543 479 608 mentio
510 543 675 609 modesto
706 559 767 605 non
796 559 867 606 cum
896 537 941 603 rei
961 538 1081 622 frigide
1103 538 1324 614 (certoninum

252 645 341 724 circi)
369 648 592 730 appellatione.
623 651 678 715 sed
711 668 781 715 cnm
815 646 974 711 bominum
1007 644 1089 710 ludis
1116 644 1325 711 nesidentinm

252 753 476 838 signifioetione
498 755 711 843 coniungendo
732 757 789 834 cst,
810 753 893 838 qnod
910 750 1131 816 intellexerunt
1145 751 1252 827 etiam,
1267 754 1324 836 qui

252 860 417 928 assidue
437 863 626 946 scripserunt
646 865 702 930 ant
722 861 872 944 scriptum
886 860 1064 942 probarunt.
1100 857 1160 924 Sed
1180 859 1325 940 ineptum
1459 847 1460 854 '

252 973 302 1033 est
337 969 503 1034 assidue
538 977 617 1034 tam
657 968 980 1042 insatiabiliter;
1023 965 1233 1032 scribendum:
1269 985 1323 1033 as-

252 1073 409 1141 siduitate
435 1079 514 1142 lem
541 1075 719 1142 insatiabili
748 1074 946 1141 desidere
988 1072 1095 1137 liendi
1114 1073 1239 1138 initium
1262 1073 1326 1137 tuit

252 1183 428 1248 litterarum
451 1185 539 1248 tale
559 1183 632 1247 ente
653 1189 732 1247 tem
754 1182 890 1247 omissio.

354 1288 433 1353 ibid.
454 1287 495 1367 X,
517 1291 567 1366 58,
588 1293 610 1352 4
632 1289 760 1366 (Keil.):
791 1289 955 1370 Itaque,
976 1287 1160 1370 quemvis
1192 1287 1325 1351 eidem

253 1393 360 1460 tolie
380 1397 551 1462 crimina
574 1397 901 1480 applicarentur,
916 1393 1022 1459 nibil
1041 1393 1325 1459 decernendum

253 1503 475 1584 pularicet.
520 1505 662 1587 Ineptum
689 1502 808 1567 iubae
829 1500 1328 1585 scripturneidemproeiet
1431 1554 1434 1558 .

253 1606 381 1691 pluralis
410 1629 565 1688 numerus,
595 1610 742 1695 qnoniam
771 1629 865 1672 unum
895 1608 1011 1672 crimen
1033 1607 1241 1692 significatum
1264 1619 1325 1675 est.

253 1713 413 1780 Sententia
439 1721 472 1782 et
499 1718 598 1782 oratio
619 1714 788 1803 constabit·
817 1716 844 1778 si
876 1714 1104 1797 scripserimus:
1139 1715 1327 1799 quamvis

254 1820 383 1886 eidem
418 1832 454 1889 ct
483 1823 551 1890 alin
582 1824 754 1888 crimina
785 1827 845 1887 cet.
900 1821 1070 1886 Confirmat
1090 1822 1326 1899 correctionem,

254 1927 336 2010 quod
356 1927 388 1992 in
411 1929 535 1994 Troiani
556 1948 604 2011 ep.
625 1932 667 1994 60
688 1932 817 2014 legitur:
848 1929 881 1993 si
910 1928 1006 2012 qnid
1034 1929 1106 1993 illi
1128 1931 1220 1994 novi
1242 1933 1326 1995 cri-

253 2031 376 2098 minis
397 2036 605 2102 obiicitur.

354 2151 434 2218 Ibid.
458 2154 520 2233 §l
551 2160 596 2232 (iu
626 2155 727 2219 edicte
756 2154 820 2218 diri
849 2155 988 2231 Nervae):
1022 2153 1205 2233 Quaedem
1236 2155 1325 2222 sine

255 2255 390 2337 dubio,
406 2259 607 2339 Quirites,
629 2261 718 2344 ipso
739 2261 926 2327 felicitas
946 2262 1171 2343 temporum
1186 2263 1323 2340 edicit,

254 2383 325 2431 nec
346 2356 592 2447 spectandus
615 2370 678 2433 cst
697 2369 734 2432 in
755 2369 806 2434 iis
822 2370 946 2433 bonus
961 2369 1168 2451 princeps,
1185 2372 1322 2453 quibus

254 2472 371 2537 illum
403 2473 593 2560 intelligi
625 2475 728 2540 sctis
761 2476 822 2538 est
843 2476 903 2539 cet.
953 2475 1050 2540 Prone
1071 2479 1224 2541 contueris
1246 2480 1321 2559 poni

255 2581 502 2660 spectandus
530 2584 562 2648 et
588 2581 781 2665 intelligi
810 2599 866 2645 nec
894 2582 1020 2646 omnino
1040 2582 1098 2647 hoc
1120 2583 1187 2648 loco
1209 2584 1262 2668 egi
1284 2584 1326 2650 dc

255 2687 446 2770 spectatione
467 2689 614 2772 principis
635 2695 667 2754 et
688 2688 900 2764 aestimetione,
932 2688 987 2752 sed
1008 2689 1065 2754 boc
1091 2689 1269 2772 significari,
1291 2692 1326 2755 iu

256 2793 410 2860 nonnullis
431 2796 522 2861 rebns
550 2796 742 2862 voluntatem
770 2796 918 2878 principis
948 2794 1044 2860 etiem
1072 2797 1139 2861 sino
1167 2796 1271 2862 edicto
1293 2803 1330 2862 et
1405 2857 1408 2860 .
1461 2859 1462 2868 ,

255 2899 369 2965 litteris
401 2901 546 2986 intelligi,
580 2904 773 2985 perspectum
806 2902 868 2966 inm
899 2902 937 2966 ab
968 2901 1039 2966 aliis
1072 2901 1163 2968 video
1196 2906 1328 2970 restitu-
1461 2977 1462 2982 ἵ

256 3007 385 3089 tumque
426 3026 443 3071 e
484 3008 640 3074 codicibus
683 3009 997 3091 exspectandum
1047 3008 1101 3074 sed
1145 3010 1329 3076 adhibenda
1461 2997 1462 3028 ¹

256 3112 317 3178 alin
349 3114 525 3179 emendatio
563 3118 628 3190 est;
668 3133 764 3199 neque
803 3115 888 3179 enim
919 3117 1139 3199 exspectationi
1171 3121 1245 3199 opta
1277 3127 1327 3185 est

256 3218 328 3285 boni
360 3220 507 3305 principis
539 3220 666 3298 mentio,
700 3221 755 3286 scd
788 3223 868 3300 noui,
904 3221 1098 3305 pertinetque
1130 3225 1199 3288 toto
1230 3225 1328 3290 edicti

256 3326 397 3410 praetctio
418 3327 457 3392 nd
486 3327 574 3392 initia
600 3331 672 3392 nori
701 3328 831 3411 imperii,
861 3329 893 3392 iu
917 3329 1026 3410 quibus
1047 3328 1195 3394 nonnulle
1222 3330 1331 3396 Nerva
1461 3353 1462 3356 ¹

257 3453 311 3518 per
332 3454 365 3499 se
387 3435 481 3502 etiam
503 3436 569 3501 sine
592 3433 692 3501 edicto
713 3433 846 3518 intelligi
869 3435 955 3500 dicit.
992 3435 1193 3501 Scribeudnm
1207 3437 1328 3520 igitur:

256 3559 326 3606 nec
342 3544 697 3626 exspectandusest
719 3544 757 3607 in
779 3543 831 3607 iis
847 3543 1169 3623 novusprinceps,
1185 3541 1329 3624 quibus

256 3645 304 3723 (in
326 3648 509 3731 quibust)
530 3650 647 3715 illum
669 3647 858 3731 intelligi
880 3647 984 3712 satis
1007 3650 1078 3714 est.

356 3751 437 3819 Ibid.
461 3756 511 3832 61,
534 3758 553 3816 t
576 3756 628 3833 (de
649 3757 718 3822 lecu
745 3755 865 3821 flumini
894 3754 939 3819 sic
967 3752 1133 3838 iungendo,
1163 3758 1199 3821 ut
1220 3759 1328 3820 tamen

255 3879 362 3946 mergo
378 3861 534 3937 intersittz
557 3861 623 3927 Sic
644 3862 1004 3945 consequemur,ut
1025 3879 1096 3926 nec
1118 3879 1240 3927 vacuo
1262 3865 1326 3926 ri-

257 3967 401 4032 dentur
422 3967 584 4032 flumini
606 3967 881 4046 mixtusdncus)
897 3972 937 4033 et
958 3967 1013 4033 sit
1034 3968 1202 4050 perinde
1224 3987 1267 4034 nc
1289 3971 1327 4034 si

256 4074 485 4140 misceatur.
529 4075 574 4140 ilx
594 4074 791 4141 haoAvautii
814 4074 970 4153 editionis,
993 4094 1060 4158 quae
1081 4073 1193 4140 codicis
1215 4074 1327 4142 amissi
1461 4159 1462 4168 ἵ
