2974 4660
582 305 792 361 Demosthenen.
1140 306 1181 368 43

155 503 293 584 apparet
316 503 366 568 cui
387 501 575 569 contrarium
597 502 746 568 referatur
767 503 899 568 altorum
920 502 1001 567 illud
1023 503 1078 568 ἐπὶ
1101 502 1147 588 τῷ
1167 499 1222 568 διοΙ

153 613 279 692 ταχέων
301 601 506 678 α’ποδοῦνωι.
556 609 654 674 Recta
680 608 784 675 omnia
814 611 913 688 erunt,
936 610 963 675 si
985 608 1144 691 scripseris
1166 613 1222 675 ἐπὶ

153 708 307 788 τόκοις.
345 717 488 795 Pecunia,
510 735 603 798 quarn
625 715 729 781 orator
749 717 789 781 ab
801 713 937 782 Onetore
958 717 991 780 et
1012 717 1077 782 eius
1100 735 1224 782 σοιιεοι-

155 822 240 888 tibus
272 821 428 888 redditam
462 840 530 888 esse
561 822 664 906 negat,
698 825 754 887 ant
773 823 883 887 mutua
905 822 950 886 eis
972 819 1047 886 data
1077 824 1123 888 ita
1155 842 1223 889 esse

152 927 284 1008 poterat,
305 930 342 994 nt
362 949 488 995 moram
510 928 675 1012 solverent,
705 931 760 993 ant
788 946 825 992 ea
853 927 1028 993 condicione
1050 929 1163 1012 deberi,
1185 932 1222 994 nt

152 1034 262 1098 statim
284 1035 431 1100 solvenda
453 1037 545 1101 esset
588 1035 708 1118 Itaque,
731 1054 770 1099 ιιε
791 1035 819 1100 ei
839 1033 899 1099 hac
912 1033 1038 1116 quidem
1054 1034 1222 1118 posteriore

151 1138 272 1205 rationo
294 1141 467 1221 deberetur,
488 1160 539 1207 eoa
562 1160 630 1206 eam
652 1139 828 1207 reddituros
850 1141 944 1206 fuisse
965 1140 1114 1206 ostendit.

252 1280 370 1356 XXXI,
404 1282 458 1348 14:
511 1283 573 1348 τόν
607 1282 640 1347 δὲ
671 1276 992 1364 καταδικασάμενον
1014 1329 1220 1349 .......

152 1378 371 1473 ἠναγκάσθαι
386 1388 527 1454 τοιαῦτα
551 1397 697 1465 παθεῖν,
721 1395 968 1474 κεκομισμένον
989 1382 1070 1474 μηδ’
1092 1383 1222 1466 ὁτιοῦν,

157 1493 211 1558 καὶ
233 1489 330 1559 ταῦτ’
353 1498 516 1561 ἐθέλοντα
540 1510 654 1561 ποιεῖν
675 1491 762 1581 ὑμῖν
781 1490 910 1572 αὐτοῖς,
934 1500 967 1562 εἴ
985 1523 1016 1562 τι
1037 1495 1106 1562 τοῖν
1128 1490 1222 1562 δεόν-

152 1625 221 1665 των
250 1595 439 1682 ἐβούλεσθε
469 1596 643 1685 προίττειν.
699 1601 766 1681 Quo
799 1604 975 1688 significatu
1007 1617 1122 1670 ποιεῖν
1153 1629 1221 1669 τινι

152 1706 293 1772 absoluto
315 1708 399 1774 nullo
421 1709 527 1774 addito
549 1709 679 1783 dicatur,
709 1711 822 1775 nescio.
876 1709 993 1792 Opinon
1026 1709 1222 1776 scribendum

153 1831 221 1878 esse
255 1828 413 1880 ποιεῖν
452 1807 538 1900 ὑμῖν
569 1809 706 1894 αὐτοῖς,
741 1815 830 1880 vobis
863 1815 1000 1880 laborem
1033 1819 1065 1880 et
1097 1834 1222 1898 operam

152 1938 275 1986 ssaVffl'e.

250 2060 377 2140 XXXV,
401 2062 458 2126 54:
480 2059 565 2147 ὅπερ
588 2053 651 2130 οὖν
674 2053 808 2151 ἐνείρχῄ
830 2055 1015 2148 ὑπεθέμην
1029 2058 1221 2151 τοῦλόγου,

152 2163 203 2232 ὅτι
228 2170 282 2234 καλ
305 2162 406 2253 ὑμεῖς
427 2164 604 2236 α’δικεῖοθε
633 2162 734 2236 ου’δὲν
755 2158 860 2254 ἧττον
881 2171 949 2234 τῶν
972 2164 1102 2237 δόντων
1122 2165 1222 2256 ἡμῶν

151 2268 194 2338 τοί
205 2268 373 2360 χρήματα.
397 2292 554 2343 σκοπεῖτε
568 2270 611 2354 δ’,
633 2269 660 2342 ὦ
680 2273 802 2360 ἄνδρες
824 2277 993 2355 δικασταί,
1020 2279 1092 2351 πῶς
1115 2301 1221 2344 σανα·

154 2383 319 2457 δικεῑσθε,
343 2379 484 2450 ἐπειδάν
495 2409 547 2458 τις
557 2385 627 2450 τῶν
648 2379 765 2470 νόμων
787 2385 856 2448 τῶν
870 2376 1044 2468 ὑμετέρων
1060 2385 1222 2468 κρείττων

154 2489 286 2578 ἐγχειρῇ
309 2489 396 2556 εἶναι
419 2538 531 2556 .....
532 2538 544 2568 ,
567 2491 641 2563 πῶς
661 2485 723 2557 οὐκ
746 2485 857 2558 α’δικεῑ
877 2483 1065 2564 duernione
1080 2487 1222 2576 ἅνθρω-

156 2620 223 2668 πος
251 2598 305 2662 καὶ
336 2591 446 2681 cipric-
488 2597 658 2672 Sententia,
691 2617 761 2680 qnae
794 2599 833 2663 ab
866 2595 953 2681 ὅπερ
983 2597 1102 2680 incipit,
1137 2603 1221 2664 caret

152 2702 297 2784 apodosi3
319 2707 425 2769 contra
447 2705 484 2784 ei,
512 2721 580 2788 σιω
607 2704 716 2785 incipit
742 2723 761 2768 a
790 2717 947 2770 σκοπεῖτε
969 2697 1010 2780 δ’,
1037 2704 1221 2784 interposita

152 2797 207 2889 pir
239 2804 380 2876 ἐπειδάν
410 2810 559 2892 temporis
591 2807 836 2892 condicionisque
869 2808 1107 2892 significatione,
1129 2827 1221 2890 prauo

152 2915 371 2997 superadditur
402 2919 435 2981 et
464 2917 602 2982 adhaeret
630 2914 831 2999 interrogatio
852 2915 906 2981 illa
927 2915 1000 2989 πῶς
1023 2907 1086 2980 οοίι
1107 2909 1223 2984 α’δικει·

153 3047 181 3088 κ.
191 3047 221 3087 τ.
229 3023 257 3086 λ.
281 3021 378 3086 Recta
399 3021 497 3086 oratio
520 3019 671 3086 efficietur
682 3021 804 3088 sublato
828 3015 859 3088 δ’
879 3024 951 3106 poet
972 3036 1131 3090 σκοπεῖτε
1153 3043 1221 3090 ver-

151 3124 261 3209 bisque
283 3128 328 3193 sio
348 3128 568 3211 interpunctis:
590 3125 676 3212 ὅπερ
699 3119 764 3194 οὖν
785 3133 823 3195 ἐν
845 3122 931 3217 α’ρχῇ
953 3123 1140 3216 ιλπεθὲμην
1158 3131 1222 3197 τσῦ

151 3226 269 3318 λόγου,
291 3230 343 3299 ὅτι
366 3235 421 3301 καλ
444 3229 545 3318 ὑμεῖς
566 3227 743 3302 α’δικεῑσθε
766 3229 866 3302 ον’δὲν
886 3224 991 3319 ἧττον
1007 3237 1077 3302 τῶν
1093 3231 1221 3304 δόντων

151 3333 252 3425 ἡμῶν
273 3335 315 3406 τοί
339 3336 507 3427 χρήματα,
530 3335 693 3417 σκοπεῖτ’,
708 3334 735 3407 ὦ
748 3339 871 3425 ἄνδρες
886 3344 1042 3410 δικασταί
1057 3337 1220 3420 (σκοπεῖτ’

150 3443 230 3532 ἤδη,
253 3439 280 3512 oi
300 3445 423 3532 ἄνδρες
452 3449 654 3524 δικασταίλ),
687 3451 760 3522 πῶς
793 3451 1045 3516 σνναδικεῑσθε.
1080 3447 1221 3518 ἐπειδάν

149 3579 203 3628 τις
215 3555 286 3620 τῶν
299 3549 416 3639 νόμων
430 3554 498 3620 τῶν
512 3550 686 3640 ὑμετέρων
701 3557 861 3638 κρείττων
876 3557 1007 3644 ἐγχειρῇ
1022 3556 1109 3621 εἶναι
1121 3603 1130 3620 .
1140 3603 1149 3619 .
1160 3603 1168 3620 .
1179 3603 1218 3634 ..,

149 3660 224 3734 πῶς
245 3656 308 3728 oin
329 3655 441 3729 σ’δικεῑ
461 3655 480 3727 δ
502 3662 657 3735 τοιοῦτος
678 3659 868 3747 ἅνθρωπος
889 3666 945 3730 καὶ
967 3658 1078 3745 δμᾶςς

251 3803 399 3881 XXXVI,
419 3805 478 3868 47:
506 3795 658 3890 ὑβρίζεις
682 3807 749 3888 μὲν
770 3798 897 3870 σοστδν
918 3807 973 3871 καὶ
997 3799 1078 3877 τούς
1099 3810 1219 3890 γονέας

149 3911 360 3986 τεθνεῶτας,
382 3909 647 3994 προπηλακίζεις
673 3910 707 3976 δὲ
728 3906 795 3993 τήν
817 3904 932 3987 πόλιν,
955 3912 1010 3977 καὶ
1034 3907 1059 3976 δ
1080 3905 1135 3978 διδ
1157 3911 1220 3996 τῆς

149 4010 282 4081 τούτων
308 4017 573 4100 φιλανθρωπίας
599 4008 800 4089 α’πσλαδσας
827 4013 944 4102 εὕρετο
974 4012 993 4084 δ
1016 4016 1074 4092 oric
1103 4013 1218 4102 πατήρ

149 4123 205 4188 καί
227 4119 316 4205 pacari
339 4123 447 4188 ταῦτα
463 4124 623 4208 Φορμίων
637 4115 767 4198 οὑτοσί,
781 4126 890 4190 ταῦτα
905 4119 982 4191 α’ντλ
999 4125 1060 4191 τοτ’·
1078 4139 1220 4209 κοσμεῖν
