2974 4660
285 301 326 364 52
647 301 706 356 uro.
732 302 753 355 1.
779 303 844 372 cap.
864 302 911 357 rr.
972 289 975 296 '

345 497 430 562 Nihil
453 497 493 564 de
514 498 638 564 feminis
660 501 731 564 ante
754 497 872 564 dietum
896 501 953 582 est,
983 498 1038 563 sed
1060 497 1099 563 de
1121 498 1208 580 cibis,
1230 501 1313 564 unde

244 625 325 671 nuno
346 605 385 670 ad
408 623 520 669 novum
541 624 638 688 genus
668 605 837 688 voluptatis
865 605 1025 670 transitur.
1074 605 1182 688 Itaque
1205 602 1315 689 ἄλλην

243 713 425 778 mendosum
449 713 497 776 est
519 709 774 793 scribendumque
797 706 985 796 καλήν.*ι

343 854 378 921 Ρ.
402 854 443 917 34
466 873 481 917 e
504 855 548 929 (in
571 851 736 934 Amphidis
758 852 960 936 fragmento):

396 953 470 1026 Oo'u
494 965 598 1036 ἔστιν,
622 951 666 1031 οἷς
688 965 788 1036 ἔοικε,
812 952 995 1044 φάρμακον
1014 963 1129 1043 μέθης

394 1060 496 1134 οὐδὲν
516 1066 676 1132 τοιοῦτον
697 1059 741 1139 οἷς
764 1060 803 1132 τό
827 1077 1037 1150 προσπεσεῖν
1062 1060 1158 1149 ἄφνω

393 1168 508 1258 λύπην
529 1163 603 1239 τιν’.
626 1169 734 1247 οὕτως
757 1166 924 1249 ἐξελαύνει
947 1169 1011 1258 γάρ
1036 1167 1165 1256 σφόδρα

394 1282 499 1365 λῆρον
520 1277 605 1347 ὥστε
627 1273 689 1353 τοῖς
711 1273 885 1364 ῥαφάνους
907 1276 996 1346 οὕτω
1020 1279 1142 1349 δοκεῖν.

342 1422 464 1488 Nomen
487 1418 593 1507 λήρου
615 1441 686 1486 oum
702 1421 850 1487 radiculis
866 1440 884 1486 a
898 1423 991 1504 poeta
1006 1423 1203 1487 coniunctum
1218 1421 1314 1486 fuisse

242 1547 278 1595 eo
312 1528 497 1612 significatu,
531 1548 590 1613 quo
626 1527 739 1594 dieitur
772 1527 810 1591 de
840 1548 872 1593 re
902 1529 932 1592 iu
963 1529 1190 1609 comparatione
1223 1527 1315 1594 alteri

243 1636 336 1721 louge
357 1636 489 1715 cedenti,
511 1635 615 1718 plures
637 1633 874 1710 intellexerunt3
903 1634 982 1699 illud
1010 1653 1069 1698 non
1103 1635 1312 1706 attenderunt,

243 1742 411 1808 desiderari
444 1743 601 1808 obiectum
623 1741 720 1817 verbi,
742 1741 823 1824 quod
846 1743 896 1806 est
917 1735 1118 1820 ἐξελαύνειν,
1141 1741 1316 1825 lusisseque

244 1848 432 1931 Amphidem
455 1851 488 1914 in
509 1850 577 1932 ipso
600 1849 660 1914 rori
684 1842 790 1932 λήρου
811 1846 934 1913 nomine
950 1849 982 1912 et
997 1848 1112 1930 duplici
1128 1846 1313 1932 significatu,

145 2021 148 2030 ,
243 1959 279 2020 ut
299 1954 434 2037 primum
465 1955 586 2022 dicatur
616 1955 653 2019 de
682 1955 775 2038 nugis
804 1958 836 2017 et
862 1954 978 2020 cerebri
1000 1973 1035 2018 ex
1058 1953 1131 2018 vino
1153 1955 1317 2036 perturba·

242 2060 337 2138 tione,
359 2060 471 2127 deinde
493 2063 590 2128 altero
612 2061 667 2126 illo
689 2059 796 2126 modo:

546 2224 554 2241 .
579 2225 587 2241 .
611 2227 619 2244 .
644 2225 652 2243 .
676 2175 783 2252 οὕτως
806 2172 974 2254 ἐξελαύνει
997 2174 1062 2265 γοίρ
1085 2172 1212 2264 σφόδρα

394 2281 470 2352 οόν
493 2286 610 2372 λῆρον,
634 2281 717 2351 ὥστε
740 2280 801 2359 τας
819 2281 993 2372 ῥαφάνους
1016 2287 1146 2371 λῆρον
1168 2288 1290 2354 δοκεῖν.

244 2425 313 2494 Νοο
335 2425 493 2493 intellecto
522 2429 592 2492 lusu
622 2446 730 2492 nomen
757 2426 854 2492 altero
883 2428 949 2493 loco
976 2429 1123 2496 omissum
1147 2448 1165 2492 a
1187 2431 1311 2497 librario

244 2534 293 2598 cst
315 2552 482 2618 versusque
502 2535 589 2600 inani
611 2535 736 2599 tibicine
758 2534 867 2602 fultus.

344 2674 379 2743 P.
403 2677 444 2738 49
467 2695 494 2741 a.
524 2677 560 2740 ln
573 2677 863 2741 commemoratione
878 2677 999 2759 generis
1015 2677 1174 2742 cuiusdam
1190 2697 1313 2745 mensa·

244 2800 314 2846 rum
336 2781 524 2866 elegantium
547 2786 579 2847 et
600 2781 802 2866 pretiosarum
825 2780 942 2846 Cratini
964 2783 1099 2848 citantur
1120 2802 1226 2849 versus
1252 2787 1313 2851 duo

244 2886 289 2954 sic
310 2887 431 2970 scripti:

328 3019 364 3085 Γ
358 3019 520 3100 ανριώσαι
544 3011 572 3083 δ’
595 3011 824 3101 α’ναμὲνονοιν
846 3005 902 3084 οἷδ’
924 3021 1194 3105 ἐπηγλαὶομὲναι

327 3125 487 3210 μείρακες
510 3125 647 3209 φαιδραὶ
670 3118 832 3210 τράπεζαι
848 3117 1032 3207 τρισκελεῖς
1048 3122 1314 3211 σφενδάμνιναι.

343 3252 479 3321 Etiamsi
506 3275 568 3320 non
597 3271 652 3336 por
681 3273 713 3319 so
738 3255 900 3336 appareret
932 3273 1052 3321 mensas
1086 3275 1147 3322 nou
1175 3257 1315 3340 potuisse

244 3358 427 3442 simpliciter
456 3363 540 3444 ipsas
568 3360 716 3446 appellari
744 3364 909 3445 μείρακας
939 3357 1084 3448 φαιδρός
1107 3364 1322 3461 (virgunculae

243 3465 382 3543 hilarus),
406 3470 511 3534 tamen
531 3466 567 3532 io
589 3487 755 3536 concursus
777 3486 937 3552 perversus
969 3468 1178 3552 epithetorum
1210 3473 1315 3538 decla·

243 3576 337 3652 rarat,
368 3591 406 3638 ne
429 3573 503 3657 quid
526 3575 627 3640 dioam
651 3576 688 3640 de
710 3575 855 3642 adverbio
878 3563 934 3641 ὧδ’
955 3576 1057 3658 inepte
1079 3574 1189 3657 posito.
1244 3577 1314 3644 Una

244 3679 351 3744 littera
371 3681 493 3746 mutata
514 3682 699 3746 senteutiam
722 3686 753 3746 et
775 3681 944 3746 orationem
965 3679 1122 3747 restituet:

299 3945 327 4014 *)
345 3947 422 4004 Inter
437 3950 583 4019 mirabilia,
599 3967 661 4020 quae
674 3951 704 4006 in
716 3965 745 4005 re
762 3949 859 4005 critica
877 3951 1012 4020 accidunt,
1027 3966 1139 4007 numero
1159 3952 1311 4022 neglectam

344 4041 374 4095 P.
394 4041 429 4097 28
446 4041 503 4097 liu
525 4044 650 4098 Alexidis
671 4042 823 4113 fragmento
846 4059 939 4098 veram
960 4044 1133 4114 scripturam,
1155 4061 1237 4113 quam
1258 4046 1314 4100 iam

345 4133 524 4190 casaubonus
541 4137 708 4202 restituerat,
728 4134 918 4206 ἐγγράφων.
