2974 4660
624 299 788 355 Herodotus.
1160 301 1198 361 27

274 495 356 562 ibit.
392 497 467 560 142:
503 503 540 562 ἐν
573 498 691 563 τοίνυν
722 489 830 586 τούτῳ
867 499 911 585 τῷ
948 489 1053 585 χρόνῳ
1087 490 1242 582 τετράκις

170 605 301 689 ἔλεγον,
325 607 357 680 ἐξ
389 597 504 689 ἠθέων
535 597 597 670 τύν
619 599 718 689 ἥλιον
749 597 924 670 α’νατεῑλαι
949 621 957 642 ·
983 611 1072 672 ἔνθα
1105 631 1142 670 τε
1175 605 1240 670 νῦν

170 705 388 780 καταδύεται,
423 709 589 776 ἐνθεῦτεν
623 711 674 784 δὶς
706 713 939 789 incensarios,
970 714 1025 778 καὶ
1048 719 1155 780 ἔνθεν
1176 712 1242 777 νύν

170 809 362 893 οἷνατὲλλιι,
380 818 534 884 ἐνθαῦτα
551 818 603 891 δὶς
618 817 815 884 καταδῦναι.
859 817 965 884 Primo
980 818 1049 884 loco
1065 811 1241 884 α’νατεῑλαι

168 923 350 1004 corruptum
375 942 442 989 esse
463 923 662 990 manifestum
686 928 751 1001 est;
779 942 878 1007 neque
907 925 988 989 enim
1015 925 1111 989 solem
1134 941 1242 988 nama-

173 1029 249 1093 bent
271 1030 380 1112 quater
401 1048 437 1095 ex
457 1029 575 1095 usitato
603 1032 668 1096 loco
696 1031 800 1096 ortum
829 1049 896 1096 esse
925 1029 972 1112 (id
998 1029 1081 1094 euim
1103 1028 1241 1112 qnotidie

173 1135 291 1212 fiebat).
315 1135 370 1200 sed
392 1138 502 1219 quater
524 1121 705 1203 consuetum
728 1137 832 1201 locum
856 1141 887 1202 et
909 1137 1005 1201 situm
1028 1136 1174 1209 mutasse,
1196 1135 1241 1200 itu

165 1246 209 1306 ut
230 1244 380 1307 contraria
400 1242 524 1326 regione
558 1248 592 1308 et
618 1245 757 1308 oreretur
790 1244 823 1308 et
851 1243 1012 1309 occideret.
1066 1242 1241 1308 Herodotus

171 1348 332 1431 scripsisse
368 1349 502 1415 ridetur:
544 1356 576 1426 ἐξ
606 1344 724 1436 ἠθέων
756 1346 818 1415 τόν
849 1345 949 1435 ἥλιον
985 1343 1240 1436 ἀναστῆναι,

173 1454 333 1534 migrasse.
399 1455 550 1536 (Sublato,
586 1456 668 1539 quod
700 1457 861 1541 Krirgerus
893 1455 1026 1533 volebat,
1058 1456 1241 1539 simpliciter

162 1553 349 1626 α’νιιτεῑλαι
372 1580 428 1626 uec
451 1563 548 1627 oratio
569 1581 624 1629 uec
646 1563 801 1629 sententia
823 1563 967 1640 constat.)

272 1717 334 1811 ill,
360 1737 414 1801 14:
445 1740 499 1805 καὶ
533 1737 640 1805 ταῦτα
665 1732 709 1811 οἷς
738 1732 987 1824 α’πενειχθὲντα
1010 1729 1079 1802 ύπύ
1103 1728 1240 1806 τούτου,

169 1831 213 1906 εὖ
236 1841 364 1909 δοκιίιν
386 1868 443 1927 σφι
464 1844 636 1930 εἰρῆσθαι.
680 1845 830 1925 Quoniam
846 1863 942 1927 neque
959 1836 1002 1917 oio
1017 1843 1158 1909 additum
1173 1860 1240 1910 esse

166 1967 192 2012 a
212 1947 349 2013 librariis
371 1949 526 2031 probabile
549 1954 597 2016 est
618 1971 717 2034 neque
738 1951 856 2017 laeunae
876 1951 975 2017 ullum
993 1948 1143 2016 iodicium
1169 1966 1240 2014 sen-

168 2055 271 2120 tentia
291 2055 374 2132 facit,
398 2057 593 2123 scribendum
615 2058 749 2124 ridetur:
773 2060 827 2124 sni
851 2059 959 2124 ταῦτα
984 2051 1028 2132 εἷς
1049 2050 1072 2121 α’
1080 2079 1202 2122 aanor
1209 2075 1241 2140 χ·

172 2164 309 2247 θῆναι
333 2155 402 2228 ono
427 2157 560 2242 τούτου,
588 2170 624 2230 ut
653 2163 836 2242 Herodotus,
870 2164 1006 2229 oratione
1028 2163 1061 2227 in
1084 2162 1242 2245 obliquam

169 2269 303 2334 formam
321 2288 357 2335 er
372 2273 455 2336 recta
470 2271 573 2336 subito
589 2271 730 2336 traducta
742 2271 907 2350 (δοκέειν),
930 2271 1023 2335 etiam
1038 2266 1240 2352 temporalem

174 2375 360 2440 senteutiam
383 2395 436 2441 suo
459 2395 544 2442 more
573 2375 696 2441 infinita
725 2378 822 2442 terma
854 2375 999 2441 extulerit
1025 2378 1118 2459 (synt.
1141 2374 1240 2441 (ἔσοιο.

166 2475 191 2559 ’5
215 2483 275 2546 169
297 2483 340 2556 b).

275 2622 430 2690 Ibid.129
453 2624 504 2701 (oie
526 2623 621 2688 Dario
643 2623 740 2688 cruris
760 2622 917 2690 lunatione
935 2622 1117 2698 laboranti):
1139 2623 1181 2709 τῇ
1205 2622 1239 2688 δὲ

170 2724 217 2814 δή
241 2723 346 2820 ὀγδόῃ
368 2717 479 2817 ἡμέρῃ
502 2730 611 2816 ἔχοντί
634 2735 666 2796 οἱ
690 2723 857 2814 φλαύρως,
879 2725 934 2794 οἷα
958 2723 999 2812 (λη’
1022 2722 1242 2810 παρακούσας

173 2862 225 2911 τις
247 2831 416 2924 πρότερον
438 2845 484 2904 ἔτι
508 2845 545 2902 ἐν
568 2830 707 2920 Σύρύισι
730 2837 791 2902 τού
815 2830 1059 2920 Κροτωνιήτεω
1081 2829 1241 2921 Δημοκή-

170 2945 251 3018 ιλεος
272 2940 336 3028 τήν
358 2950 478 3031 τέχνην
499 2937 653 3032 α’γγιλλει
676 2945 721 3029 τῷ
745 2945 885 3029 Δαρείῳ.
919 2941 1007 3022 Quod
1031 2937 1242 3029 παρακούειν

175 3041 317 3116 enarrent
339 3053 436 3118 obiter
458 3055 489 3116 et
514 3052 617 3116 minus
640 3050 804 3135 diligenter
820 3049 934 3125 audire,
949 3068 1050 3132 neque
1065 3051 1129 3115 haee
1144 3050 1241 3134 signi-

170 3156 278 3222 ficatio
301 3158 514 3240 praepositione
541 3151 633 3240 ααροῖ
656 3157 736 3223 effici
752 3158 863 3238 potest,
884 3175 982 3240 neque
995 3157 1061 3220 nlla
1076 3160 1123 3222 est
1138 3175 1239 3237 cause,

167 3282 226 3328 eur
259 3263 311 3329 hic
342 3266 443 3331 minor
473 3264 632 3348 diligentie
654 3263 853 3347 significetur.
908 3263 1023 3344 Opinon
1045 3261 1239 3330 Herodotum

173 3367 331 3451 scripsisse
355 3363 632 3456 προακούσας
654 3394 706 3442 τις
728 3361 906 3453 πρότερον,
929 3367 1137 3452 geminatione
1160 3369 1240 3452 apud

171 3493 242 3538 enm
265 3475 392 3543 minime
413 3477 598 3560 infrequenti
620 3469 852 3562 (sponsoribus
869 3511 905 3522 -
923 3468 1115 3560 πρότερον).

274 3616 328 3686 Ν,
351 3616 386 3686 63
420 3612 573 3704 σύμπασι
607 3616 642 3683 bl
674 3615 762 3682 εἶναι
796 3613 929 3699 οὔνομα
952 3609 1239 3692 Σκολότους,τοί

167 3724 329 3807 βασιλέος
362 3726 571 3811 ἐπωνυμίην·
605 3716 748 3796 Σκύθας
779 3721 812 3788 δὲ
840 3718 1010 3809 Ἕλληνες
1044 3715 1240 3808 ὠνόμασαν.

274 3945 422 4002 indicatam
440 3952 557 4016 utroque
580 3945 640 4001 loco
664 3944 837 4000 scribendum
856 3959 917 3998 esse
937 3939 1001 4012 ὅτι,
1025 3944 1080 3999 diri
1097 3945 1126 3998 in
1145 3944 1238 4000 libello

273 4039 368 4108 paucis
389 4045 462 4106 noto,
491 4039 538 4106 qui
565 4037 735 4093 inscribitur:
768 4038 951 4104 Bemerkonpen
974 4040 1030 4091 aber
1053 4040 1129 4106 cinips
1148 4040 1240 4090 Ponere

274 4131 317 4183 der
333 4133 494 4198 priscbiseben
518 4131 754 4206 Wortfioprrnpslalrre
772 4129 863 4200 (1848)
881 4147 908 4200 p.
928 4129 971 4183 16.
