<?xml version="1.0" encoding="UTF-8"?>
<!DOCTYPE html PUBLIC "-//W3C//DTD XHTML 1.0 Transitional//EN"
    "http://www.w3.org/TR/xhtml1/DTD/xhtml1-transitional.dtd">
<html xmlns="http://www.w3.org/1999/xhtml" xml:lang="en" lang="en">
 <head>
  <title>
</title>
<meta http-equiv="Content-Type" content="text/html;charset=utf-8" />
  <meta name='ocr-system' content='tesseract 3.04.00' />
  <meta name='ocr-capabilities' content='ocr_page ocr_carea ocr_par ocr_line ocrx_word'/>
</head>
<body>
  <div class='ocr_page' id='page_1' title='image "./adversariacriti04madvgoog_0067.png"; bbox 0 0 2974 4660; ppageno 0'>
   <div class='ocr_carea' id='block_1_1' title="bbox 297 275 1068 352">
    <p class='ocr_par' dir='ltr' id='par_1_1' title="bbox 297 275 1068 352">
     <span class='ocr_line' id='line_1_1' title="bbox 297 275 1068 352; baseline -0.008 -8"><span class='ocrx_word' id='word_1_1' title='bbox 297 282 337 344; x_wconf 83' lang='lat'><strong>60</strong></span> <span class='ocrx_word' id='word_1_2' title='bbox 659 275 720 338; x_wconf 87' lang='lat' dir='ltr'><strong>Lib.</strong></span> <span class='ocrx_word' id='word_1_3' title='bbox 739 283 762 337; x_wconf 92' lang='lat'><strong>1.</strong></span> <span class='ocrx_word' id='word_1_4' title='bbox 782 283 847 352; x_wconf 82' lang='lat' dir='ltr'><strong>Cep.</strong></span> <span class='ocrx_word' id='word_1_5' title='bbox 866 281 913 338; x_wconf 90' lang='lat' dir='ltr'><strong>IV.</strong></span> <span class='ocrx_word' id='word_1_6' title='bbox 1004 275 1008 280; x_wconf 50' lang='lat'><strong>¹</strong></span> <span class='ocrx_word' id='word_1_7' title='bbox 1065 280 1068 292; x_wconf 67' lang='lat'>⁸</span> 
     </span>
    </p>
   </div>
   <div class='ocr_carea' id='block_1_2' title="bbox 255 478 1341 670">
    <p class='ocr_par' dir='ltr' id='par_1_2' title="bbox 255 478 1341 670">
     <span class='ocr_line' id='line_1_2' title="bbox 258 478 1341 565; baseline -0.002 -22"><span class='ocrx_word' id='word_1_8' title='bbox 258 478 447 563; x_wconf 88' lang='lat' dir='ltr'><strong>reliquorum</strong></span> <span class='ocrx_word' id='word_1_9' title='bbox 470 480 648 564; x_wconf 79' lang='lat' dir='ltr'>Epicharmi</span> <span class='ocrx_word' id='word_1_10' title='bbox 669 481 832 546; x_wconf 82' lang='lat' dir='ltr'><strong>verborum</strong></span> <span class='ocrx_word' id='word_1_11' title='bbox 855 480 1012 546; x_wconf 79' lang='lat' dir='ltr'><strong>sententia</strong></span> <span class='ocrx_word' id='word_1_12' title='bbox 1033 479 1229 565; x_wconf 73' lang='lat' dir='ltr'><strong>intelligitur.</strong></span> <span class='ocrx_word' id='word_1_13' title='bbox 1280 480 1341 545; x_wconf 67' lang='lat' dir='ltr'><strong>Eue.</strong></span> 
     </span>
     <span class='ocr_line' id='line_1_3' title="bbox 255 585 1192 670; baseline 0.002 -20"><span class='ocrx_word' id='word_1_14' title='bbox 255 587 415 668; x_wconf 83' lang='lat' dir='ltr'><strong>perspicue</strong></span> <span class='ocrx_word' id='word_1_15' title='bbox 434 588 493 652; x_wconf 89' lang='lat' dir='ltr'><strong>erit</strong></span> <span class='ocrx_word' id='word_1_16' title='bbox 515 588 655 652; x_wconf 85' lang='lat' dir='ltr'><strong>oratione</strong></span> <span class='ocrx_word' id='word_1_17' title='bbox 677 587 722 652; x_wconf 87' lang='lat' dir='ltr'><strong>sie</strong></span> <span class='ocrx_word' id='word_1_18' title='bbox 744 585 892 652; x_wconf 76' lang='lat' dir='ltr'><strong>distinete</strong></span> <span class='ocrx_word' id='word_1_19' title='bbox 914 589 944 651; x_wconf 85' lang='lat' dir='ltr'><strong>et</strong></span> <span class='ocrx_word' id='word_1_20' title='bbox 966 585 1098 670; x_wconf 76' lang='lat' dir='ltr'><strong>scripta:</strong></span> <span class='ocrx_word' id='word_1_21' title='bbox 1189 629 1192 635; x_wconf 34' lang='grc' dir='ltr'><strong><em>ι</em></strong></span> 
     </span>
    </p>
   </div>
   <div class='ocr_carea' id='block_1_3' title="bbox 213 725 1339 1034">
    <p class='ocr_par' dir='ltr' id='par_1_3' title="bbox 213 725 1339 1034">
     <span class='ocr_line' id='line_1_4' title="bbox 213 725 1339 822; baseline 0.004 -26"><span class='ocrx_word' id='word_1_22' title='bbox 213 819 215 822; x_wconf 16' lang='lat'>¹</span> <span class='ocrx_word' id='word_1_23' title='bbox 303 728 372 798; x_wconf 86' lang='grc' dir='ltr'><strong>Τόν</strong></span> <span class='ocrx_word' id='word_1_24' title='bbox 394 759 430 798; x_wconf 77' lang='grc' dir='ltr'><strong>τε</strong></span> <span class='ocrx_word' id='word_1_25' title='bbox 453 734 691 818; x_wconf 76' lang='grc' dir='ltr'><strong><em>πολυτίματον</em></strong></span> <span class='ocrx_word' id='word_1_26' title='bbox 713 736 819 800; x_wconf 76' lang='grc' dir='ltr'><strong><em>ἔλοπα</em></strong></span> <span class='ocrx_word' id='word_1_27' title='bbox 844 725 876 808; x_wconf 86' lang='lat'><strong>(0‘</strong></span> <span class='ocrx_word' id='word_1_28' title='bbox 899 725 928 798; x_wconf 87' lang='grc' dir='ltr'><strong><em>δ</em></strong></span> <span class='ocrx_word' id='word_1_29' title='bbox 950 725 1055 807; x_wconf 82' lang='grc' dir='ltr'><strong><em>αιίτδς</em></strong></span> <span class='ocrx_word' id='word_1_30' title='bbox 1077 729 1339 818; x_wconf 73' lang='grc' dir='ltr'><strong><em>καλλιώνυμος)·</em></strong></span> 
     </span>
     <span class='ocr_line' id='line_1_5' title="bbox 297 831 1219 926; baseline 0.002 -22"><span class='ocrx_word' id='word_1_31' title='bbox 297 849 355 905; x_wconf 81' lang='grc' dir='ltr'><strong>ἕνα</strong></span> <span class='ocrx_word' id='word_1_32' title='bbox 378 835 498 924; x_wconf 88' lang='grc' dir='ltr'><strong><em>μόνον·</em></strong></span> <span class='ocrx_word' id='word_1_33' title='bbox 523 843 576 906; x_wconf 82' lang='grc' dir='ltr'><strong>καί</strong></span> <span class='ocrx_word' id='word_1_34' title='bbox 601 841 708 926; x_wconf 80' lang='grc' dir='ltr'><strong><em>κῆνον</em></strong></span> <span class='ocrx_word' id='word_1_35' title='bbox 728 831 749 905; x_wconf 81' lang='lat'><strong>0‘</strong></span> <span class='ocrx_word' id='word_1_36' title='bbox 772 838 865 912; x_wconf 80' lang='grc' dir='ltr'><strong><em>Ζεάς</em></strong></span> <span class='ocrx_word' id='word_1_37' title='bbox 887 842 989 925; x_wconf 72' lang='grc' dir='ltr'><strong><em>ἔλαβε</em></strong></span> <span class='ocrx_word' id='word_1_38' title='bbox 1013 834 1219 925; x_wconf 72' lang='grc' dir='ltr'><strong><em>κήκελήσατο</em></strong></span> 
     </span>
     <span class='ocr_line' id='line_1_6' title="bbox 297 942 1241 1034; baseline 0.001 -22"><span class='ocrx_word' id='word_1_39' title='bbox 297 951 473 1034; x_wconf 56' lang='lat' dir='ltr'><strong>nanneten»</strong></span> <span class='ocrx_word' id='word_1_40' title='bbox 495 943 586 1034; x_wconf 74' lang='grc' dir='ltr'><strong><em>αὐτῷ</em></strong></span> <span class='ocrx_word' id='word_1_41' title='bbox 608 953 644 1014; x_wconf 84' lang='grc' dir='ltr'><em>τέ</em></span> <span class='ocrx_word' id='word_1_42' title='bbox 666 953 698 1014; x_wconf 79' lang='grc' dir='ltr'><strong>οἳ</strong></span> <span class='ocrx_word' id='word_1_43' title='bbox 722 951 775 1012; x_wconf 86' lang='grc' dir='ltr'><strong>καὶ</strong></span> <span class='ocrx_word' id='word_1_44' title='bbox 799 949 840 1032; x_wconf 74' lang='grc' dir='ltr'><strong>τά</strong></span> <span class='ocrx_word' id='word_1_45' title='bbox 865 943 1012 1031; x_wconf 87' lang='grc' dir='ltr'><strong><em>δάμαρτι</em></strong></span> <span class='ocrx_word' id='word_1_46' title='bbox 1036 942 1241 1031; x_wconf 76' lang='grc' dir='ltr'><strong><em>θάτερον.</em></strong></span> 
     </span>
    </p>
   </div>
   <div class='ocr_carea' id='block_1_4' title="bbox 255 1099 1338 2017">
    <p class='ocr_par' dir='ltr' id='par_1_4' title="bbox 255 1099 1338 1700">
     <span class='ocr_line' id='line_1_7' title="bbox 359 1099 1333 1183; baseline 0.004 -19"><span class='ocrx_word' id='word_1_47' title='bbox 359 1099 495 1165; x_wconf 81' lang='lat' dir='ltr'><strong>Ridicule</strong></span> <span class='ocrx_word' id='word_1_48' title='bbox 524 1103 617 1183; x_wconf 85' lang='lat' dir='ltr'><strong>poeta</strong></span> <span class='ocrx_word' id='word_1_49' title='bbox 646 1102 751 1167; x_wconf 79' lang='grc' dir='ltr'><strong><em>ἔλοπα</em></strong></span> <span class='ocrx_word' id='word_1_50' title='bbox 785 1103 906 1166; x_wconf 84' lang='lat' dir='ltr'><strong>tanturn</strong></span> <span class='ocrx_word' id='word_1_51' title='bbox 934 1120 1029 1165; x_wconf 87' lang='lat' dir='ltr'><strong>unum</strong></span> <span class='ocrx_word' id='word_1_52' title='bbox 1051 1100 1226 1183; x_wconf 85' lang='lat' dir='ltr'><strong>appositum</strong></span> <span class='ocrx_word' id='word_1_53' title='bbox 1248 1099 1333 1168; x_wconf 85' lang='lat' dir='ltr'><strong>dicit</strong></span> 
     </span>
     <span class='ocr_line' id='line_1_8' title="bbox 255 1206 1338 1290; baseline -0.002 -18"><span class='ocrx_word' id='word_1_54' title='bbox 255 1207 461 1286; x_wconf 83' lang='lat' dir='ltr'><strong>(aecusativus</strong></span> <span class='ocrx_word' id='word_1_55' title='bbox 494 1207 578 1271; x_wconf 90' lang='lat' dir='ltr'><strong>enim</strong></span> <span class='ocrx_word' id='word_1_56' title='bbox 617 1227 653 1272; x_wconf 84' lang='lat' dir='ltr'><strong>ex</strong></span> <span class='ocrx_word' id='word_1_57' title='bbox 690 1209 793 1281; x_wconf 75' lang='lat' dir='ltr'><strong>uerbo,</strong></span> <span class='ocrx_word' id='word_1_58' title='bbox 831 1207 912 1290; x_wconf 87' lang='lat' dir='ltr'><strong>quod</strong></span> <span class='ocrx_word' id='word_1_59' title='bbox 948 1206 1149 1288; x_wconf 73' lang='lat' dir='ltr'>praecedebat,</span> <span class='ocrx_word' id='word_1_60' title='bbox 1186 1208 1338 1290; x_wconf 75' lang='lat' dir='ltr'><strong>pendet)‚.</strong></span> 
     </span>
     <span class='ocr_line' id='line_1_9' title="bbox 255 1311 1325 1398; baseline -0.003 -17"><span class='ocrx_word' id='word_1_61' title='bbox 255 1315 397 1390; x_wconf 78' lang='lat' dir='ltr'><strong>alterum,</strong></span> <span class='ocrx_word' id='word_1_62' title='bbox 430 1331 500 1378; x_wconf 88' lang='lat' dir='ltr'><strong>eum</strong></span> <span class='ocrx_word' id='word_1_63' title='bbox 535 1311 595 1377; x_wconf 89' lang='lat' dir='ltr'><strong>duo</strong></span> <span class='ocrx_word' id='word_1_64' title='bbox 628 1313 799 1398; x_wconf 85' lang='lat' dir='ltr'><strong>affuissent,</strong></span> <span class='ocrx_word' id='word_1_65' title='bbox 828 1314 933 1379; x_wconf 87' lang='lat' dir='ltr'><strong>Iovem</strong></span> <span class='ocrx_word' id='word_1_66' title='bbox 957 1313 1074 1395; x_wconf 73' lang='lat' dir='ltr'><strong>cepisse</strong></span> <span class='ocrx_word' id='word_1_67' title='bbox 1096 1315 1129 1378; x_wconf 89' lang='lat' dir='ltr'><strong>et</strong></span> <span class='ocrx_word' id='word_1_68' title='bbox 1151 1313 1210 1378; x_wconf 90' lang='lat' dir='ltr'><strong>sibi</strong></span> <span class='ocrx_word' id='word_1_69' title='bbox 1231 1314 1325 1378; x_wconf 88' lang='lat' dir='ltr'><strong>Iuno·</strong></span> 
     </span>
     <span class='ocr_line' id='line_1_10' title="bbox 256 1419 1338 1503; baseline -0.003 -18"><span class='ocrx_word' id='word_1_70' title='bbox 256 1421 348 1503; x_wconf 92' lang='lat' dir='ltr'><strong>nique</strong></span> <span class='ocrx_word' id='word_1_71' title='bbox 382 1421 486 1503; x_wconf 89' lang='lat' dir='ltr'><strong>seponi</strong></span> <span class='ocrx_word' id='word_1_72' title='bbox 519 1420 662 1497; x_wconf 86' lang='lat' dir='ltr'><strong>iussisse;</strong></span> <span class='ocrx_word' id='word_1_73' title='bbox 693 1423 818 1486; x_wconf 83' lang='lat' dir='ltr'><strong>tantum</strong></span> <span class='ocrx_word' id='word_1_74' title='bbox 851 1421 917 1485; x_wconf 87' lang='lat' dir='ltr'><strong>eius</strong></span> <span class='ocrx_word' id='word_1_75' title='bbox 949 1419 1041 1502; x_wconf 84' lang='lat' dir='ltr'><strong>piscis</strong></span> <span class='ocrx_word' id='word_1_76' title='bbox 1077 1420 1213 1501; x_wconf 89' lang='lat' dir='ltr'><strong>pretinm</strong></span> <span class='ocrx_word' id='word_1_77' title='bbox 1247 1438 1338 1488; x_wconf 66' lang='lat' dir='ltr'><strong>esse..</strong></span> 
     </span>
     <span class='ocr_line' id='line_1_11' title="bbox 255 1521 1326 1612; baseline 0 -21"><span class='ocrx_word' id='word_1_78' title='bbox 255 1527 321 1591; x_wconf 90' lang='grc' dir='ltr'><strong>Ηοο</strong></span> <span class='ocrx_word' id='word_1_79' title='bbox 354 1525 436 1592; x_wconf 90' lang='lat' dir='ltr'><strong>enim</strong></span> <span class='ocrx_word' id='word_1_80' title='bbox 467 1528 562 1592; x_wconf 84' lang='lat' dir='ltr'><strong>verbe</strong></span> <span class='ocrx_word' id='word_1_81' title='bbox 593 1527 785 1612; x_wconf 78' lang='lat' dir='ltr'><strong>significent:</strong></span> <span class='ocrx_word' id='word_1_82' title='bbox 819 1526 860 1592; x_wconf 76' lang='lat' dir='ltr'><strong>ut</strong></span> <span class='ocrx_word' id='word_1_83' title='bbox 888 1525 981 1590; x_wconf 87' lang='lat' dir='ltr'><strong>illum</strong></span> <span class='ocrx_word' id='word_1_84' title='bbox 1004 1521 1078 1602; x_wconf 80' lang='grc' dir='ltr'><strong>(τόν</strong></span> <span class='ocrx_word' id='word_1_85' title='bbox 1100 1528 1220 1600; x_wconf 78' lang='grc' dir='ltr'><strong><em>ἔλοπα)</em></strong></span> <span class='ocrx_word' id='word_1_86' title='bbox 1243 1575 1250 1590; x_wconf 94' lang='grc'><strong>.</strong></span> <span class='ocrx_word' id='word_1_87' title='bbox 1274 1575 1281 1590; x_wconf 94' lang='grc'><strong>.</strong></span> <span class='ocrx_word' id='word_1_88' title='bbox 1306 1575 1326 1604; x_wconf 82' lang='grc'><strong>.,</strong></span> 
     </span>
     <span class='ocr_line' id='line_1_12' title="bbox 257 1631 723 1700; baseline -0.004 0"><span class='ocrx_word' id='word_1_89' title='bbox 257 1633 390 1700; x_wconf 81' lang='lat' dir='ltr'><strong>alterum</strong></span> <span class='ocrx_word' id='word_1_90' title='bbox 414 1631 536 1698; x_wconf 80' lang='lat' dir='ltr'><strong>seilicet</strong></span> <span class='ocrx_word' id='word_1_91' title='bbox 557 1651 573 1696; x_wconf 94' lang='lat' dir='ltr'><strong>e</strong></span> <span class='ocrx_word' id='word_1_92' title='bbox 595 1633 723 1698; x_wconf 85' lang='lat' dir='ltr'><strong>duobus.</strong></span> 
     </span>
    </p>

    <p class='ocr_par' dir='ltr' id='par_1_5' title="bbox 256 1738 1338 2017">
     <span class='ocr_line' id='line_1_13' title="bbox 358 1738 1326 1824; baseline 0.002 -22"><span class='ocrx_word' id='word_1_93' title='bbox 358 1739 442 1803; x_wconf 84' lang='lat' dir='ltr'><strong>Fieri</strong></span> <span class='ocrx_word' id='word_1_94' title='bbox 476 1741 588 1824; x_wconf 80' lang='lat' dir='ltr'><strong>potest,</strong></span> <span class='ocrx_word' id='word_1_95' title='bbox 622 1743 657 1804; x_wconf 84' lang='lat' dir='ltr'><strong>ut</strong></span> <span class='ocrx_word' id='word_1_96' title='bbox 689 1740 783 1806; x_wconf 78' lang='lat' dir='ltr'><strong>verba</strong></span> <span class='ocrx_word' id='word_1_97' title='bbox 813 1740 867 1805; x_wconf 79' lang='grc' dir='ltr'><strong>καὶ</strong></span> <span class='ocrx_word' id='word_1_98' title='bbox 902 1741 1007 1824; x_wconf 80' lang='grc' dir='ltr'><strong><em>κῆνον</em></strong></span> <span class='ocrx_word' id='word_1_99' title='bbox 1036 1738 1218 1820; x_wconf 79' lang='lat' dir='ltr'><strong>significent,</strong></span> <span class='ocrx_word' id='word_1_100' title='bbox 1240 1739 1326 1804; x_wconf 82' lang='lat' dir='ltr'><strong>idem</strong></span> 
     </span>
     <span class='ocr_line' id='line_1_14' title="bbox 256 1845 1338 1928; baseline -0.001 -18"><span class='ocrx_word' id='word_1_101' title='bbox 256 1847 395 1911; x_wconf 89' lang='lat' dir='ltr'><strong>simileve</strong></span> <span class='ocrx_word' id='word_1_102' title='bbox 418 1845 535 1928; x_wconf 88' lang='lat' dir='ltr'><strong>aliquid</strong></span> <span class='ocrx_word' id='word_1_103' title='bbox 557 1846 589 1910; x_wconf 94' lang='lat' dir='ltr'><strong>in</strong></span> <span class='ocrx_word' id='word_1_104' title='bbox 613 1847 820 1927; x_wconf 84' lang='lat' dir='ltr'><strong>superioribus</strong></span> <span class='ocrx_word' id='word_1_105' title='bbox 844 1847 982 1912; x_wconf 87' lang='lat' dir='ltr'><strong>versibus</strong></span> <span class='ocrx_word' id='word_1_106' title='bbox 1004 1846 1041 1910; x_wconf 90' lang='lat' dir='ltr'><strong>de</strong></span> <span class='ocrx_word' id='word_1_107' title='bbox 1063 1845 1123 1911; x_wconf 89' lang='lat' dir='ltr'><strong>alio</strong></span> <span class='ocrx_word' id='word_1_108' title='bbox 1146 1847 1230 1928; x_wconf 81' lang='lat' dir='ltr'><strong>pisce</strong></span> <span class='ocrx_word' id='word_1_109' title='bbox 1245 1863 1338 1927; x_wconf 74' lang='lat' dir='ltr'><strong>pre·-</strong></span> 
     </span>
     <span class='ocr_line' id='line_1_15' title="bbox 256 1951 519 2017; baseline -0.008 -1"><span class='ocrx_word' id='word_1_110' title='bbox 256 1952 393 2017; x_wconf 82' lang='lat' dir='ltr'><strong>dinatum</strong></span> <span class='ocrx_word' id='word_1_111' title='bbox 417 1951 519 2017; x_wconf 84' lang='lat' dir='ltr'><strong>luisse.</strong></span> 
     </span>
    </p>
   </div>
   <div class='ocr_carea' id='block_1_5' title="bbox 256 2135 1339 2339">
    <p class='ocr_par' dir='ltr' id='par_1_6' title="bbox 256 2135 1339 2339">
     <span class='ocr_line' id='line_1_16' title="bbox 358 2135 1332 2227; baseline 0 -22"><span class='ocrx_word' id='word_1_112' title='bbox 358 2142 392 2205; x_wconf 94' lang='lat' dir='ltr'><strong>P.</strong></span> <span class='ocrx_word' id='word_1_113' title='bbox 406 2142 466 2205; x_wconf 78' lang='lat'><strong>285</strong></span> <span class='ocrx_word' id='word_1_114' title='bbox 479 2141 494 2205; x_wconf 86' lang='lat' dir='ltr'><strong>l</strong></span> <span class='ocrx_word' id='word_1_115' title='bbox 502 2141 545 2216; x_wconf 82' lang='lat' dir='ltr'><strong>(in</strong></span> <span class='ocrx_word' id='word_1_116' title='bbox 556 2140 730 2224; x_wconf 77' lang='lat' dir='ltr'><strong>fragmento</strong></span> <span class='ocrx_word' id='word_1_117' title='bbox 745 2141 889 2227; x_wconf 81' lang='lat' dir='ltr'><strong>Lynceil:</strong></span> <span class='ocrx_word' id='word_1_118' title='bbox 906 2136 925 2208; x_wconf 79' lang='grc' dir='ltr'><strong>α’</strong></span> <span class='ocrx_word' id='word_1_119' title='bbox 941 2141 974 2208; x_wconf 77' lang='grc' dir='ltr'><strong>δὲ</strong></span> <span class='ocrx_word' id='word_1_120' title='bbox 991 2141 1056 2226; x_wconf 79' lang='grc' dir='ltr'><strong>τήν</strong></span> <span class='ocrx_word' id='word_1_121' title='bbox 1075 2135 1332 2208; x_wconf 77' lang='grc' dir='ltr'><strong><em>Ἡδυπάθειαν</em></strong></span> 
     </span>
     <span class='ocr_line' id='line_1_17' title="bbox 256 2242 1339 2339; baseline -0.003 -24"><span class='ocrx_word' id='word_1_122' title='bbox 256 2243 391 2335; x_wconf 77' lang='grc' dir='ltr'><strong><em>γράψας</em></strong></span> <span class='ocrx_word' id='word_1_123' title='bbox 413 2243 680 2330; x_wconf 75' lang='grc' dir='ltr'><strong><em>παρακελεύεται</em></strong></span> <span class='ocrx_word' id='word_1_124' title='bbox 703 2249 749 2335; x_wconf 74' lang='grc' dir='ltr'><strong>τῷ</strong></span> <span class='ocrx_word' id='word_1_125' title='bbox 770 2245 821 2334; x_wconf 82' lang='grc' dir='ltr'><em>μή</em></span> <span class='ocrx_word' id='word_1_126' title='bbox 850 2249 1027 2335; x_wconf 75' lang='grc' dir='ltr'><strong><em>δυναμένῳ</em></strong></span> <span class='ocrx_word' id='word_1_127' title='bbox 1056 2249 1140 2339; x_wconf 80' lang='grc' dir='ltr'><strong><em>τιμῇ</em></strong></span> <span class='ocrx_word' id='word_1_128' title='bbox 1165 2242 1339 2336; x_wconf 60' lang='grc' dir='ltr'><strong><em>κατεργάι</em></strong></span> 
     </span>
    </p>
   </div>
   <div class='ocr_carea' id='block_1_6' title="bbox 257 2349 1402 2760">
    <p class='ocr_par' dir='ltr' id='par_1_7' title="bbox 257 2349 1402 2760">
     <span class='ocr_line' id='line_1_18' title="bbox 260 2349 1402 2443; baseline -0.002 -20"><span class='ocrx_word' id='word_1_129' title='bbox 260 2363 387 2423; x_wconf 76' lang='grc' dir='ltr'><strong><em>οασδαι</em></strong></span> <span class='ocrx_word' id='word_1_130' title='bbox 404 2351 469 2439; x_wconf 71' lang='grc' dir='ltr'><strong>τήν</strong></span> <span class='ocrx_word' id='word_1_131' title='bbox 484 2356 682 2439; x_wconf 76' lang='grc' dir='ltr'><strong><em>ἐπιθυμίαν</em></strong></span> <span class='ocrx_word' id='word_1_132' title='bbox 701 2349 814 2441; x_wconf 82' lang='grc' dir='ltr'><strong><em>α’δικίᾳ</em></strong></span> <span class='ocrx_word' id='word_1_133' title='bbox 835 2353 1027 2442; x_wconf 77' lang='grc' dir='ltr'><strong><em>κτήσασθαι</em></strong></span> <span class='ocrx_word' id='word_1_134' title='bbox 1040 2349 1105 2442; x_wconf 79' lang='grc' dir='ltr'><strong>τήν</strong></span> <span class='ocrx_word' id='word_1_135' title='bbox 1116 2349 1328 2443; x_wconf 73' lang='grc' dir='ltr'><strong><em>ὀψοφαγίαν.</em></strong></span> <span class='ocrx_word' id='word_1_136' title='bbox 1399 2367 1402 2374; x_wconf 91' lang='grc'><strong>’</strong></span> 
     </span>
     <span class='ocr_line' id='line_1_19' title="bbox 257 2462 1324 2547; baseline -0.002 -19"><span class='ocrx_word' id='word_1_137' title='bbox 257 2462 325 2528; x_wconf 87' lang='grc' dir='ltr'><strong>Νοο</strong></span> <span class='ocrx_word' id='word_1_138' title='bbox 349 2463 417 2526; x_wconf 82' lang='lat' dir='ltr'><strong>duee</strong></span> <span class='ocrx_word' id='word_1_139' title='bbox 440 2480 486 2526; x_wconf 87' lang='lat' dir='ltr'><strong>res</strong></span> <span class='ocrx_word' id='word_1_140' title='bbox 510 2462 731 2547; x_wconf 79' lang='lat' dir='ltr'><strong>significantur,</strong></span> <span class='ocrx_word' id='word_1_141' title='bbox 761 2481 890 2546; x_wconf 82' lang='lat' dir='ltr'><strong>quarum</strong></span> <span class='ocrx_word' id='word_1_142' title='bbox 917 2464 945 2530; x_wconf 92' lang='lat' dir='ltr'><strong>si</strong></span> <span class='ocrx_word' id='word_1_143' title='bbox 973 2465 1103 2530; x_wconf 80' lang='lat' dir='ltr'><strong>alteram</strong></span> <span class='ocrx_word' id='word_1_144' title='bbox 1133 2481 1239 2545; x_wconf 82' lang='lat' dir='ltr'><strong>parere</strong></span> <span class='ocrx_word' id='word_1_145' title='bbox 1268 2479 1324 2526; x_wconf 88' lang='lat' dir='ltr'><strong>ne-</strong></span> 
     </span>
     <span class='ocr_line' id='line_1_20' title="bbox 257 2564 1328 2655; baseline -0.002 -21"><span class='ocrx_word' id='word_1_146' title='bbox 257 2585 361 2653; x_wconf 77' lang='lat' dir='ltr'><strong>quens,</strong></span> <span class='ocrx_word' id='word_1_147' title='bbox 383 2568 481 2634; x_wconf 82' lang='lat' dir='ltr'><strong>ultera</strong></span> <span class='ocrx_word' id='word_1_148' title='bbox 502 2569 665 2651; x_wconf 84' lang='lat' dir='ltr'><strong>quaerenda</strong></span> <span class='ocrx_word' id='word_1_149' title='bbox 686 2569 739 2647; x_wconf 80' lang='lat' dir='ltr'><strong>sit,</strong></span> <span class='ocrx_word' id='word_1_150' title='bbox 763 2571 816 2634; x_wconf 88' lang='lat' dir='ltr'><strong>sed</strong></span> <span class='ocrx_word' id='word_1_151' title='bbox 842 2587 904 2634; x_wconf 84' lang='lat' dir='ltr'><strong>una</strong></span> <span class='ocrx_word' id='word_1_152' title='bbox 925 2564 960 2655; x_wconf 78' lang='grc' dir='ltr'><strong>(ἡ</strong></span> <span class='ocrx_word' id='word_1_153' title='bbox 984 2571 1179 2654; x_wconf 77' lang='grc' dir='ltr'><strong><em>ἐπιθυμία),</em></strong></span> <span class='ocrx_word' id='word_1_154' title='bbox 1208 2569 1234 2634; x_wconf 92' lang='lat' dir='ltr'><strong>si</strong></span> <span class='ocrx_word' id='word_1_155' title='bbox 1259 2567 1328 2632; x_wconf 88' lang='lat' dir='ltr'><strong>fieri</strong></span> 
     </span>
     <span class='ocr_line' id='line_1_21' title="bbox 257 2674 1333 2760; baseline -0.004 -18"><span class='ocrx_word' id='word_1_156' title='bbox 257 2678 371 2759; x_wconf 84' lang='lat' dir='ltr'><strong>potest,</strong></span> <span class='ocrx_word' id='word_1_157' title='bbox 390 2674 498 2758; x_wconf 80' lang='lat' dir='ltr'><strong>pretio,</strong></span> <span class='ocrx_word' id='word_1_158' title='bbox 522 2677 548 2740; x_wconf 89' lang='lat' dir='ltr'><strong>si</strong></span> <span class='ocrx_word' id='word_1_159' title='bbox 571 2677 681 2749; x_wconf 86' lang='lat' dir='ltr'><strong>minus,</strong></span> <span class='ocrx_word' id='word_1_160' title='bbox 703 2676 810 2742; x_wconf 83' lang='lat' dir='ltr'><strong>fraude</strong></span> <span class='ocrx_word' id='word_1_161' title='bbox 829 2678 974 2760; x_wconf 81' lang='lat' dir='ltr'><strong>peranda.</strong></span> <span class='ocrx_word' id='word_1_162' title='bbox 1024 2676 1207 2748; x_wconf 80' lang='lat' dir='ltr'><strong>Tollendum</strong></span> <span class='ocrx_word' id='word_1_163' title='bbox 1230 2675 1333 2759; x_wconf 84' lang='lat' dir='ltr'><strong>igitur</strong></span> 
     </span>
    </p>
   </div>
   <div class='ocr_carea' id='block_1_7' title="bbox 145 2773 1326 2868">
    <p class='ocr_par' dir='ltr' id='par_1_8' title="bbox 145 2773 1326 2868">
     <span class='ocr_line' id='line_1_22' title="bbox 145 2773 1326 2868; baseline 0.003 -22"><span class='ocrx_word' id='word_1_164' title='bbox 145 2807 150 2815; x_wconf 93' lang='lat'><strong>·</strong></span> <span class='ocrx_word' id='word_1_165' title='bbox 258 2777 322 2866; x_wconf 73' lang='grc' dir='ltr'><strong>τήν</strong></span> <span class='ocrx_word' id='word_1_166' title='bbox 345 2773 551 2868; x_wconf 74' lang='grc' dir='ltr'><strong><em>ὀψοφαγίαν.</em></strong></span> <span class='ocrx_word' id='word_1_167' title='bbox 597 2783 674 2848; x_wconf 86' lang='lat' dir='ltr'><strong>Rern</strong></span> <span class='ocrx_word' id='word_1_168' title='bbox 692 2783 815 2848; x_wconf 80' lang='lat' dir='ltr'><strong>conlinit</strong></span> <span class='ocrx_word' id='word_1_169' title='bbox 829 2784 914 2848; x_wconf 88' lang='lat' dir='ltr'><strong>loeus</strong></span> <span class='ocrx_word' id='word_1_170' title='bbox 929 2782 1001 2847; x_wconf 82' lang='lat' dir='ltr'><strong>hnic</strong></span> <span class='ocrx_word' id='word_1_171' title='bbox 1019 2783 1162 2866; x_wconf 86' lang='lat' dir='ltr'><strong>geminus</strong></span> <span class='ocrx_word' id='word_1_172' title='bbox 1177 2804 1205 2865; x_wconf 85' lang='lat' dir='ltr'><strong>p.</strong></span> <span class='ocrx_word' id='word_1_173' title='bbox 1222 2781 1282 2845; x_wconf 76' lang='lat'><strong>295</strong></span> <span class='ocrx_word' id='word_1_174' title='bbox 1297 2798 1326 2849; x_wconf 79' lang='lat' dir='ltr'><strong>a.</strong></span> 
     </span>
    </p>
   </div>
   <div class='ocr_carea' id='block_1_8' title="bbox 258 2964 1340 3462">
    <p class='ocr_par' dir='ltr' id='par_1_9' title="bbox 258 2964 1340 3462">
     <span class='ocr_line' id='line_1_23' title="bbox 358 2964 1332 3056; baseline 0 -21"><span class='ocrx_word' id='word_1_175' title='bbox 358 2972 393 3038; x_wconf 90' lang='lat' dir='ltr'><strong>P.</strong></span> <span class='ocrx_word' id='word_1_176' title='bbox 418 2973 479 3034; x_wconf 78' lang='lat'><strong>290</strong></span> <span class='ocrx_word' id='word_1_177' title='bbox 501 2991 526 3036; x_wconf 88' lang='grc' dir='ltr'><strong>α.</strong></span> <span class='ocrx_word' id='word_1_178' title='bbox 566 2973 598 3034; x_wconf 90' lang='lat' dir='ltr'><strong>ln</strong></span> <span class='ocrx_word' id='word_1_179' title='bbox 622 2973 760 3037; x_wconf 88' lang='lat' dir='ltr'><strong>versibus</strong></span> <span class='ocrx_word' id='word_1_180' title='bbox 784 2971 954 3054; x_wconf 81' lang='lat' dir='ltr'><strong>Hegesippi</strong></span> <span class='ocrx_word' id='word_1_181' title='bbox 977 2990 993 3036; x_wconf 91' lang='lat' dir='ltr'><strong>e</strong></span> <span class='ocrx_word' id='word_1_182' title='bbox 1015 2972 1120 3037; x_wconf 80' lang='lat' dir='ltr'><strong>fabule</strong></span> <span class='ocrx_word' id='word_1_183' title='bbox 1149 2964 1332 3056; x_wconf 82' lang='grc' dir='ltr'><strong><em>Ἀδελφών</em></strong></span> 
     </span>
     <span class='ocr_line' id='line_1_24' title="bbox 259 3076 1329 3161; baseline -0.001 -18"><span class='ocrx_word' id='word_1_184' title='bbox 259 3096 375 3161; x_wconf 79' lang='lat' dir='ltr'><strong>coquus</strong></span> <span class='ocrx_word' id='word_1_185' title='bbox 397 3079 495 3142; x_wconf 89' lang='lat' dir='ltr'><strong>artem</strong></span> <span class='ocrx_word' id='word_1_186' title='bbox 517 3094 605 3141; x_wconf 83' lang='lat' dir='ltr'><strong>suern</strong></span> <span class='ocrx_word' id='word_1_187' title='bbox 628 3077 776 3142; x_wconf 80' lang='lat' dir='ltr'><strong>extollens</strong></span> <span class='ocrx_word' id='word_1_188' title='bbox 797 3077 878 3142; x_wconf 92' lang='lat' dir='ltr'><strong>inter</strong></span> <span class='ocrx_word' id='word_1_189' title='bbox 900 3079 961 3143; x_wconf 83' lang='lat' dir='ltr'><strong>alia</strong></span> <span class='ocrx_word' id='word_1_190' title='bbox 988 3076 1147 3161; x_wconf 84' lang='lat' dir='ltr'><strong>gloriatur,</strong></span> <span class='ocrx_word' id='word_1_191' title='bbox 1180 3098 1221 3153; x_wconf 80' lang='lat' dir='ltr'><strong>se,</strong></span> <span class='ocrx_word' id='word_1_192' title='bbox 1255 3096 1329 3142; x_wconf 86' lang='lat' dir='ltr'><strong>eum</strong></span> 
     </span>
     <span class='ocr_line' id='line_1_25' title="bbox 258 3183 1340 3269; baseline 0.001 -19"><span class='ocrx_word' id='word_1_193' title='bbox 258 3185 398 3250; x_wconf 84' lang='lat' dir='ltr'><strong>homines</strong></span> <span class='ocrx_word' id='word_1_194' title='bbox 419 3204 438 3247; x_wconf 86' lang='grc' dir='ltr'><strong><em>α</em></strong></span> <span class='ocrx_word' id='word_1_195' title='bbox 459 3201 571 3264; x_wconf 82' lang='lat' dir='ltr'><strong>pompe</strong></span> <span class='ocrx_word' id='word_1_196' title='bbox 592 3183 711 3248; x_wconf 85' lang='lat' dir='ltr'><strong>funebri</strong></span> <span class='ocrx_word' id='word_1_197' title='bbox 742 3185 848 3249; x_wconf 84' lang='lat' dir='ltr'><strong>tristes</strong></span> <span class='ocrx_word' id='word_1_198' title='bbox 877 3190 909 3248; x_wconf 85' lang='lat' dir='ltr'><strong>et</strong></span> <span class='ocrx_word' id='word_1_199' title='bbox 937 3203 1006 3249; x_wconf 87' lang='lat' dir='ltr'><strong>enm</strong></span> <span class='ocrx_word' id='word_1_200' title='bbox 1029 3186 1131 3250; x_wconf 82' lang='lat' dir='ltr'><strong>luctus</strong></span> <span class='ocrx_word' id='word_1_201' title='bbox 1152 3185 1340 3269; x_wconf 83' lang='lat' dir='ltr'><strong>insignibus-</strong></span> 
     </span>
     <span class='ocr_line' id='line_1_26' title="bbox 260 3290 1329 3372; baseline 0 -16"><span class='ocrx_word' id='word_1_202' title='bbox 260 3291 397 3363; x_wconf 82' lang='lat' dir='ltr'><strong>redennt</strong></span> <span class='ocrx_word' id='word_1_203' title='bbox 432 3290 556 3371; x_wconf 87' lang='lat' dir='ltr'><strong>dempto</strong></span> <span class='ocrx_word' id='word_1_204' title='bbox 591 3290 659 3354; x_wconf 80' lang='lat' dir='ltr'><strong>ollae</strong></span> <span class='ocrx_word' id='word_1_205' title='bbox 692 3290 834 3372; x_wconf 83' lang='lat' dir='ltr'><strong>operculo</strong></span> <span class='ocrx_word' id='word_1_206' title='bbox 867 3291 969 3356; x_wconf 88' lang='lat' dir='ltr'><strong>subito</strong></span> <span class='ocrx_word' id='word_1_207' title='bbox 1002 3290 1106 3356; x_wconf 86' lang='lat' dir='ltr'><strong>vultus</strong></span> <span class='ocrx_word' id='word_1_208' title='bbox 1139 3311 1243 3357; x_wconf 89' lang='lat' dir='ltr'><strong>eorum</strong></span> <span class='ocrx_word' id='word_1_209' title='bbox 1272 3310 1329 3357; x_wconf 87' lang='lat' dir='ltr'><strong>ex-</strong></span> 
     </span>
     <span class='ocr_line' id='line_1_27' title="bbox 261 3397 408 3462; baseline -0.007 -1"><span class='ocrx_word' id='word_1_210' title='bbox 261 3397 408 3462; x_wconf 84' lang='lat' dir='ltr'><strong>hilarere:</strong></span> 
     </span>
    </p>
   </div>
   <div class='ocr_carea' id='block_1_9' title="bbox 343 3522 1206 3934">
    <p class='ocr_par' dir='ltr' id='par_1_10' title="bbox 410 3522 1160 3614">
     <span class='ocr_line' id='line_1_28' title="bbox 410 3522 1160 3614; baseline -0.001 -23"><span class='ocrx_word' id='word_1_211' title='bbox 410 3523 495 3592; x_wconf 81' lang='grc' dir='ltr'><strong><em>ὅταν</em></strong></span> <span class='ocrx_word' id='word_1_212' title='bbox 518 3533 554 3592; x_wconf 77' lang='grc' dir='ltr'><strong>ἐν</strong></span> <span class='ocrx_word' id='word_1_213' title='bbox 576 3527 783 3614; x_wconf 79' lang='grc' dir='ltr'><strong><em>περιδείπνῳ</em></strong></span> <span class='ocrx_word' id='word_1_214' title='bbox 807 3522 958 3614; x_wconf 72' lang='grc' dir='ltr'><strong><em>τυγχάνω</em></strong></span> <span class='ocrx_word' id='word_1_215' title='bbox 982 3526 1160 3601; x_wconf 77' lang='grc' dir='ltr'><strong><em>διακονῶν,</em></strong></span> 
     </span>
    </p>

    <p class='ocr_par' dir='ltr' id='par_1_11' title="bbox 343 3628 1206 3934">
     <span class='ocr_line' id='line_1_29' title="bbox 343 3628 1123 3722; baseline 0.001 -25"><span class='ocrx_word' id='word_1_216' title='bbox 343 3629 346 3636; x_wconf 74' lang='grc'><strong>’</strong></span> <span class='ocrx_word' id='word_1_217' title='bbox 412 3631 500 3699; x_wconf 68' lang='grc' dir='ltr'><strong><em>ἐπάν</em></strong></span> <span class='ocrx_word' id='word_1_218' title='bbox 521 3628 646 3722; x_wconf 79' lang='grc' dir='ltr'><strong><em>τάχιστ’</em></strong></span> <span class='ocrx_word' id='word_1_219' title='bbox 669 3638 817 3701; x_wconf 78' lang='grc' dir='ltr'><strong><em>ἔλθωσιν</em></strong></span> <span class='ocrx_word' id='word_1_220' title='bbox 839 3640 874 3700; x_wconf 77' lang='grc' dir='ltr'><strong>ἐκ</strong></span> <span class='ocrx_word' id='word_1_221' title='bbox 897 3633 957 3719; x_wconf 82' lang='grc' dir='ltr'><strong>τῆς</strong></span> <span class='ocrx_word' id='word_1_222' title='bbox 980 3634 1123 3720; x_wconf 76' lang='grc' dir='ltr'><strong><em>ἐκφοραῖς</em></strong></span> 
     </span>
     <span class='ocr_line' id='line_1_30' title="bbox 410 3733 1206 3828; baseline 0 -22"><span class='ocrx_word' id='word_1_223' title='bbox 410 3736 451 3807; x_wconf 87' lang='grc' dir='ltr'><strong>τά</strong></span> <span class='ocrx_word' id='word_1_224' title='bbox 473 3735 579 3825; x_wconf 80' lang='grc' dir='ltr'><strong><em>βάπτ’</em></strong></span> <span class='ocrx_word' id='word_1_225' title='bbox 602 3747 746 3828; x_wconf 79' lang='grc' dir='ltr'><strong><em>ἔχοντες,</em></strong></span> <span class='ocrx_word' id='word_1_226' title='bbox 768 3734 974 3828; x_wconf 71' lang='grc' dir='ltr'><strong><em>τούπίθημα</em></strong></span> <span class='ocrx_word' id='word_1_227' title='bbox 997 3741 1060 3826; x_wconf 79' lang='grc' dir='ltr'><strong>τῆς</strong></span> <span class='ocrx_word' id='word_1_228' title='bbox 1081 3733 1206 3826; x_wconf 77' lang='grc' dir='ltr'><strong><em>χάτρας</em></strong></span> 
     </span>
     <span class='ocr_line' id='line_1_31' title="bbox 411 3843 1182 3934; baseline 0.001 -22"><span class='ocrx_word' id='word_1_229' title='bbox 411 3843 546 3934; x_wconf 56' lang='lat' dir='ltr'><strong>nnn-lde</strong></span> <span class='ocrx_word' id='word_1_230' title='bbox 568 3850 709 3934; x_wconf 79' lang='grc' dir='ltr'><strong><em>ἐποίησα</em></strong></span> <span class='ocrx_word' id='word_1_231' title='bbox 733 3843 814 3923; x_wconf 83' lang='grc' dir='ltr'><strong><em>τοάς</em></strong></span> <span class='ocrx_word' id='word_1_232' title='bbox 837 3843 1046 3932; x_wconf 80' lang='grc' dir='ltr'><strong><em>δακρύοντας</em></strong></span> <span class='ocrx_word' id='word_1_233' title='bbox 1067 3849 1182 3933; x_wconf 76' lang='grc' dir='ltr'><strong><em>γελᾶν.</em></strong></span> 
     </span>
    </p>
   </div>
   <div class='ocr_carea' id='block_1_10' title="bbox 257 3994 1336 4191">
    <p class='ocr_par' dir='ltr' id='par_1_12' title="bbox 257 3994 1336 4191">
     <span class='ocr_line' id='line_1_32' title="bbox 361 3994 1331 4085; baseline -0.003 -20"><span class='ocrx_word' id='word_1_234' title='bbox 361 3999 420 4078; x_wconf 80' lang='lat' dir='ltr'><strong>Qui</strong></span> <span class='ocrx_word' id='word_1_235' title='bbox 444 4022 461 4064; x_wconf 83' lang='lat' dir='ltr'>a</span> <span class='ocrx_word' id='word_1_236' title='bbox 483 4001 588 4065; x_wconf 85' lang='lat' dir='ltr'><strong>sunere</strong></span> <span class='ocrx_word' id='word_1_237' title='bbox 604 4001 745 4080; x_wconf 88' lang='lat' dir='ltr'><strong>redeunt,</strong></span> <span class='ocrx_word' id='word_1_238' title='bbox 761 4020 820 4066; x_wconf 87' lang='lat' dir='ltr'><strong>nen</strong></span> <span class='ocrx_word' id='word_1_239' title='bbox 834 3994 953 4085; x_wconf 79' lang='grc' dir='ltr'><strong><em>βάπτα</em></strong></span> <span class='ocrx_word' id='word_1_240' title='bbox 968 4003 1101 4084; x_wconf 82' lang='lat' dir='ltr'><strong>gestant,</strong></span> <span class='ocrx_word' id='word_1_241' title='bbox 1117 4001 1147 4067; x_wconf 94' lang='lat' dir='ltr'><strong>h.</strong></span> <span class='ocrx_word' id='word_1_242' title='bbox 1164 4018 1190 4064; x_wconf 92' lang='lat' dir='ltr'><strong>e.</strong></span> <span class='ocrx_word' id='word_1_243' title='bbox 1208 3999 1331 4064; x_wconf 77' lang='lat' dir='ltr'><strong>vestem</strong></span> 
     </span>
     <span class='ocr_line' id='line_1_33' title="bbox 257 4105 1336 4191; baseline -0.002 -20"><span class='ocrx_word' id='word_1_244' title='bbox 257 4106 450 4188; x_wconf 85' lang='lat' dir='ltr'><strong>splendidam</strong></span> <span class='ocrx_word' id='word_1_245' title='bbox 485 4107 517 4171; x_wconf 93' lang='lat' dir='ltr'><strong>et</strong></span> <span class='ocrx_word' id='word_1_246' title='bbox 548 4105 697 4184; x_wconf 79' lang='lat' dir='ltr'><strong>floridam,</strong></span> <span class='ocrx_word' id='word_1_247' title='bbox 732 4110 783 4173; x_wconf 88' lang='lat' dir='ltr'><strong>sed</strong></span> <span class='ocrx_word' id='word_1_248' title='bbox 821 4108 880 4173; x_wconf 83' lang='lat' dir='ltr'><strong>atri</strong></span> <span class='ocrx_word' id='word_1_249' title='bbox 909 4111 941 4173; x_wconf 91' lang='lat' dir='ltr'><strong>et</strong></span> <span class='ocrx_word' id='word_1_250' title='bbox 972 4108 1221 4191; x_wconf 73' lang='grc' dir='ltr'><strong><em>μελανείμονες</em></strong></span> <span class='ocrx_word' id='word_1_251' title='bbox 1242 4105 1336 4170; x_wconf 55' lang='lat' dir='ltr'><strong>sunt„</strong></span> 
     </span>
    </p>
   </div>
   <div class='ocr_carea' id='block_1_11' title="bbox 0 0 1498 4660">
    <p class='ocr_par' dir='ltr' id='par_1_13' title="bbox 0 0 1498 4660">
     <span class='ocr_line' id='line_1_34' title="bbox 0 0 1498 4660; baseline 0 0"><span class='ocrx_word' id='word_1_252' title='bbox 0 0 1498 4660; x_wconf 95' lang='lat' dir='ltr'><strong> </strong></span> 
     </span>
    </p>
   </div>
  </div>
 </body>
</html>
