2974 4660
298 267 317 329 2

255 463 344 530 Livio
366 469 399 531 et
419 465 490 530 eliis
511 483 635 546 operam
655 483 743 542 navo,
766 466 866 532 iacere
887 466 1028 546 siveram,
1051 467 1151 551 iisque
1174 467 1329 550 paulatim

254 571 409 637 rhetorica
440 570 659 644 adiunxissem
682 576 846 638 renovatus
868 571 1012 639 iuvenilis
1036 591 1131 650 amor,
1158 574 1193 637 ut
1213 575 1324 650 multe,

172 733 176 742 .
254 695 323 759 quae
355 680 447 743 antea
479 695 541 744 uon
573 677 795 759 expediveram,
827 679 921 744 ultius
950 679 984 743 et
1013 678 1164 744 intentius
1197 679 1325 745 rimurer

253 786 498 866 excuteremqne,
520 784 647 866 impulit
667 783 891 868 adiuvanteque
915 784 1008 850 etiam
1031 785 1206 868 multiplici,
1229 803 1322 870 quum

253 887 287 953 in
309 888 391 956 bivii
413 889 605 973 aliorumque
627 891 808 976 scriptorum
837 891 980 973 operibus
1007 907 1163 974 aurorem,
1185 909 1328 958 errorum

253 1012 362 1060 causas
377 996 410 1060 et
424 994 489 1060 rins
503 996 706 1080 perspiciendi
717 997 935 1063 exercitatione
947 1015 1008 1062 non
1020 996 1159 1080 exiguam
1173 1015 1318 1062 noverum

252 1118 290 1166 ac
311 1101 465 1168 certarum
487 1101 733 1169 emendationum
756 1104 874 1186 copiam
889 1103 1018 1186 peperit
1052 1105 1140 1168 Hane
1156 1103 1319 1168 materiam

251 1207 442 1290 aliquamdiu
475 1207 636 1274 collectam
670 1210 933 1294 constipatamque
960 1212 991 1276 in
1021 1210 1144 1276 scriniis
1165 1208 1302 1275 continui
1310 1233 1327 1286 ς.

253 1315 339 1397 (nem
360 1314 410 1380 bis
432 1314 579 1397 proximis
605 1317 692 1380 annis
712 1319 744 1381 ot
765 1334 784 1380 a
805 1319 953 1398 perpetue
974 1318 1113 1382 veterum
1136 1317 1319 1398 scriptomm

250 1418 384 1485 lectione
416 1423 536 1486 animus
557 1419 597 1486 ad
622 1422 685 1488 alia
712 1422 870 1488 traductus
893 1441 944 1488 me
965 1422 1079 1488 sensim
1102 1424 1251 1500 eruens,
1276 1429 1318 1499 et,

251 1544 320 1608 quae
343 1545 379 1590 ex
401 1528 536 1610 antiquis
556 1527 668 1594 litteris
687 1529 878 1595 etiamnunc
899 1529 1028 1613 attingo,
1050 1530 1083 1594 in
1104 1529 1152 1598 iis.
1174 1529 1317 1611 quoniam

250 1630 369 1708 alienis,
402 1651 461 1697 non
495 1633 581 1712 meis,
615 1635 713 1700 oeulis
742 1636 788 1700 uti
816 1653 919 1720 cogor,
953 1633 1113 1716 scripture
1134 1634 1321 1700 varietatem

249 1737 449 1821 codicumque
472 1740 604 1824 vestigia
625 1743 766 1825 persequi
788 1757 843 1806 nec
863 1761 989 1825 possum
1003 1741 1204 1822 necplecet3)
1227 1756 1321 1816 nunc,

249 1845 392 1926 quoniam
413 1845 461 1918 iis,
483 1849 535 1930 qui
558 1848 587 1910 io
611 1847 812 1932 scriptoribus
840 1847 979 1930 antiquis
1010 1843 1150 1928 legendis
1172 1845 1205 1909 et
1228 1863 1318 1910 enar·

247 1950 350 2016 randis
365 1958 562 2034 occupantur,
585 1952 706 2035 aliquid
722 1971 758 2017 ea
772 1951 919 2017 utilitatis
941 1951 1049 2016 afferre
1071 1967 1160 2032 posse
1182 1948 1317 2030 videtur,

247 2055 287 2122 ad
308 2057 436 2124 eandem
458 2061 600 2138 formam,
623 2077 716 2141 quam
738 2059 770 2122 in
796 2056 1003 2140 superioribus
1024 2055 1087 2120 illis
1110 2055 1323 2122 voluminibus·

246 2165 371 2229 secutus
403 2183 480 2240 snm,
515 2165 606 2230 edero
640 2165 762 2230 delectu
795 2163 861 2246 ipse
894 2163 974 2228 lecto
1009 2160 1138 2235 decrevi,
1171 2161 1314 2228 brevitati

144 2287 147 2294 ’
246 2268 340 2335 etiam
372 2272 462 2354 paulo
498 2271 600 2355 magis
637 2271 786 2336 hacteuus
824 2268 967 2344 studens,
1009 2267 1089 2350 qnod
1127 2269 1314 2349 questiones

244 2377 462 2459 grammaticas
478 2377 608 2460 longius,
621 2394 713 2459 quum
729 2376 796 2456 ipsa
814 2375 961 2450 locorum,
977 2374 1139 2456 dequibus
1154 2373 1320 2458 agebatur,

242 2465 386 2547 tractatio
417 2463 604 2568 requireba'l,
637 2480 794 2546 rarissime
829 2485 1005 2565 persecutus
1037 2499 1116 2546 sum.
1170 2481 1247 2546 Cum
1279 2479 1313 2542 in

242 2589 443 2672 scriptoribus
464 2589 603 2673 legendis
629 2593 740 2670 praeter
754 2588 892 2655 codicum
908 2588 1073 2672 scripturas
1087 2588 1126 2654 ab
1142 2587 1318 2654 editoribus-

242 2699 404 2762 annotates
436 2695 676 2761 instrumentum
702 2695 840 2777 amplum
872 2713 933 2762 nee
957 2695 995 2760 ad
1018 2713 1143 2758 manum
1165 2691 1313 2760 haberem

242 2821 299 2868 nec
324 2801 463 2866 studiose
492 2801 727 2882 persolutorem,
755 2799 906 2885 quaedam,
925 2801 1019 2867 etiam
1048 2799 1187 2882 exempla
1214 2812 1311 2882 nuper

241 2907 281 2974 ab
302 2907 489 2982 homiuibus,
511 2907 549 2973 de
572 2923 699 2990 quorum
722 2908 845 2992 ingenio
867 2927 903 2974 ac
924 2907 1070 2973 facultate
1090 2925 1150 2972 nou
1165 2924 1312 2989 magnm

239 3014 391 3079 habebam
426 3012 612 3096 opinionem,
646 3014 730 3080 edite
763 3013 962 3101 negligerem,
989 3013 1057 3078 fieri
1086 3012 1176 3078 facile
1196 3012 1309 3096 potuit,

240 3120 330 3184 utet
351 3119 496 3186 nonnulla
517 3140 613 3203 nuper
645 3122 721 3188 bene
750 3121 873 3187 inventa
900 3137 949 3185 me
980 3119 1122 3202 lugerent
1143 3119 1175 3184 ct
1196 3118 1312 3202 saepius

238 3226 271 3289 in
296 3226 527 3292 emendationes
550 3247 568 3292 a
590 3227 796 3312 superioribus
817 3225 984 3310 philologis
1002 3211 1175 3307 'occupans
1203 3223 1314 3290 incur·

239 3349 356 3407 rerem;
389 3333 419 3397 in
449 3333 507 3399 hoc
534 3352 645 3417 genere
676 3353 714 3400 ne
746 3332 840 3399 nimis
871 3352 951 3418 sepe
980 3332 1080 3398 aliena
1102 3330 1180 3396 meis
1202 3329 1310 3396 immi·

238 3457 367 3523 scerem,
401 3440 484 3506 cavit
515 3441 546 3505 in
579 3440 736 3507 Herodoto
773 3442 904 3507 maxime
936 3443 968 3506 ot
1001 3439 1145 3506 Cicerone
1168 3435 1307 3521 Siesbpei

237 3544 300 3611 mei
336 3546 566 3624 benevolentie3
609 3551 645 3613 nt
687 3547 787 3613 omnis
829 3565 911 3613 orror
953 3547 1102 3629 culpaque
1144 3543 1305 3622 vitaretur,

238 3670 277 3717 ue
298 3651 387 3716 illum
411 3652 535 3736 quidem
556 3655 676 3721 efficere
708 3656 844 3738 potuisse
871 3672 992 3739 sperare
1014 3652 1121 3725 audeo,
1156 3650 1310 3723 celeriter,

238 3775 306 3842 qnae
338 3761 530 3842 scripseram,
566 3780 637 3827 cum
670 3761 800 3828 eliorum
836 3760 933 3835 libris,
969 3759 1024 3843 qui
1058 3759 1170 3840 praesto
1207 3758 1309 3832 erunt,

236 3868 482 3948 comparantem
526 3869 681 3934 nonnullis
723 3867 755 3933 in
798 3869 890 3943 locis,
927 3866 1065 3944 ¹marimo
1108 3863 1234 3946 quidem
1271 3863 1304 3928 in

235 3969 392 4038 Ciceronis
434 3973 535 4050 libris,
579 3975 645 4058 ipso
688 3975 781 4042 etiarn
826 3975 970 4057 Siesbyeo
1014 3973 1142 4056 rogante
1185 3987 1305 4035 correo-

234 4075 337 4144 tiones
378 4098 396 4145 a
433 4081 584 4162 Manutio,
612 4066 777 4148 ¹Lambino
819 4081 926 4146 aliisve
967 4080 1029 4145 iem
1071 4079 1183 4151 luctas,
1228 4093 1328 4171 ques·
