3008 4650
506 293 644 349 Ciceronis
664 292 696 348 de
715 297 823 347 oratore
842 292 888 347 lib.
908 294 928 346 1.
1166 293 1205 355 87

179 492 416 558 oratoribus
446 539 535 569 ...,
568 490 627 556 sie
659 491 697 556 iu
729 490 868 557 nostra
900 488 1075 555 civitate
1108 492 1249 558 eontra

180 598 461 682 amplissimus
497 597 670 681 quisque
709 597 748 662 et
784 594 1041 662 clarissimus
1084 596 1161 674 vir,
1204 598 1248 662 ut

107 739 112 748 ·
181 704 272 783 ille,
309 704 376 788 qui
409 706 575 786 propter
603 705 704 770 hanc
736 700 1245 768 iuriscivilisscieutiam

97 850 99 854 .
181 810 241 877 sic
283 810 519 895 appellatus
556 830 573 875 a
611 829 751 876 summo
787 812 907 892 poeta
951 809 1027 872 est:
1072 809 1245 895 Egregie

178 917 372 984 cordatus
404 917 530 993 homo,
562 920 675 983 catus
705 915 819 980 AEiiu'
852 914 1012 989 Sextus,
1045 917 1245 1000 multique

180 1029 390 1106 praeterea,
424 1023 507 1105 qui,
541 1041 625 1087 cum
649 1022 816 1106 iugenio
849 1021 930 1087 sibi
952 1022 1246 1090 auctoritatem

179 1129 441 1213 peperissent
463 1128 520 1204 (sic
535 1131 618 1195 recte
637 1129 700 1194 iem
721 1128 776 1195 aiii
798 1147 851 1211 pro
874 1148 919 1206 eo,
942 1128 1023 1212 quod
1045 1129 1076 1194 in
1092 1130 1246 1198 codicibus

159 1239 236 1313 est,
259 1235 339 1301 sibi
373 1237 538 1300 auctore
572 1235 817 1320 dignitatem
841 1235 1128 1319 peperissent),
1161 1255 1245 1319 per·

179 1343 383 1426 feceruut,
416 1343 457 1407 ut
489 1343 527 1406 iu
559 1342 841 1422 respondendo
871 1341 960 1407 iure
989 1342 1271 1411 auctoritate·

179 1450 265 1534 plus
288 1449 409 1514 etiam
432 1467 546 1532 quam
569 1448 656 1530 ipso
678 1448 848 1532 ingenio
871 1449 1065 1515 valerent.
1122 1451 1157 1516 ¹Si
1179 1452 1245 1517 haec

177 1556 262 1620 recte
291 1556 404 1637 scripta
437 1559 518 1632 suut,
552 1554 723 1621 necessario
757 1557 827 1637 post
856 1555 912 1619 illa
944 1556 1002 1621 sic
1034 1556 1072 1619 in
1106 1559 1245 1624 nostra

177 1661 355 1726 civitate
386 1662 530 1726 contra
562 1662 844 1743 amplissimus
877 1662 1052 1744 quisque
1086 1664 1125 1727 et
1157 1664 1244 1732 cla·

178 1767 368 1833 rissimus
411 1768 471 1833 vir
513 1766 639 1833 auditur
682 1787 717 1833 ex
752 1769 850 1851 priore
886 1768 1121 1850 comparationis
1157 1773 1243 1854 parte

176 1875 387 1941 ministros
421 1892 461 1938 se
494 1875 676 1956 praebent
713 1875 749 1958 in
782 1871 955 1939 iudiciis
988 1875 1241 1956 oratoribus,

176 1981 321 2065 quoniam
337 1981 523 2064 comparatio
539 1979 698 2045 terminari
714 1978 805 2045 debet
820 1984 891 2047 aute
906 1980 985 2046 iilud
1006 1981 1082 2064 qui,
1101 2003 1242 2054 cum-.

178 2089 292 2153 Verum
324 2087 383 2153 hoc
415 2088 565 2169 quantum
598 2088 637 2152 ab
670 2086 823 2153 sententia
853 2106 946 2172 reque
975 2089 1043 2170 ipse
1070 2090 1243 2171 abhorreat,

178 2195 255 2260 nihii
271 2214 354 2284 ⁸opus
377 2196 425 2260 est
446 2193 517 2276 dici,
540 2192 684 2276 quoniam
708 2194 757 2258 vel
780 2213 874 2259 unum
895 2195 1075 2261 adverbium
1099 2203 1244 2265 eontra

177 2301 328 2380 declaret,
362 2304 537 2382 contempto
570 2299 831 2382 pragmaticorum
862 2302 1036 2368 Graecorum
1070 2303 1243 2373 ministerio

176 2408 365 2474 contrarium
388 2407 458 2491 poni
475 2407 699 2489 amplissimum
714 2405 790 2472 iuris
807 2409 1015 2473 consultorum
1034 2409 1243 2478 Romanorum

178 2533 288 2580 munus
309 2516 342 2580 et
363 2533 514 2579 summam
546 2513 741 2598 dignitatem,
775 2512 853 2578 nihil
876 2513 1047 2581 oratoribus
1070 2517 1241 2586 cedentem,

177 2619 379 2686 Manifestum
413 2624 460 2687 est
493 2622 537 2686 sic
570 2621 635 2686 hac
657 2619 862 2687 continuanda
884 2639 959 2697 esse,
982 2622 1163 2704 interposita
1183 2625 1242 2707 ipsi

176 2729 338 2794 sententiae
352 2728 560 2811 exemplorum
575 2727 747 2792 mentione:
771 2724 886 2790 sicin
910 2729 1049 2792 nostra
1071 2724 1241 2796 civitate

175 2837 317 2900 contra
338 2835 623 2917 amplissimus
646 2832 812 2916 quisque
835 2833 872 2897 et
893 2834 1152 2901 clarissimus
1175 2836 1242 2922 vir,

178 2941 314 3007 utiile
338 2986 561 3008 ........
584 2937 796 3022 multique·
818 2942 1029 3022 praeterea,
1062 2961 1146 3008 eum
1179 2943 1242 3009 iu·

176 3048 295 3131 genio
318 3049 400 3113 sibi
431 3047 724 3115 auctoritatem
753 3047 1030 3129 peperissent.
1060 3049 1242 3131 perfece-

176 3156 286 3232 runt,
316 3155 356 3218 ut
384 3154 423 3220 in
453 3153 735 3237 respondendo
763 3155 850 3218 iure
872 3155 1129 3220 auctoritate
1150 3158 1241 3240 plus

175 3259 297 3325 etiarn
333 3278 448 3343 quam
479 3261 568 3344 ipso
601 3260 763 3344 iugenio
801 3261 999 3328 valerent.
1059 3263 1124 3327 Iam
1157 3266 1241 3330 recte

174 3366 361 3448 comparatio
384 3366 540 3449 perficitur
562 3366 646 3432 etin
668 3369 919 3434 auctoritate
941 3367 1017 3433 iuris
1034 3370 1240 3434 consuitomm

176 3471 383 3537 Romanorum
405 3474 597 3539 terminatur.
652 3474 760 3558 Itaque
782 3478 836 3540 aut
857 3492 980 3557 prorsus
1002 3475 1170 3540 tollendum
1194 3478 1242 3540 est

176 3597 340 3661 pronomen
363 3579 430 3663 qui
452 3583 524 3645 ante
554 3599 636 3645 cum
672 3585 829 3663 tamquam
863 3599 956 3665 prave
988 3580 1137 3656 additum,
1171 3599 1241 3646 eum

176 3685 361 3752 constructio
384 3705 444 3752 uon
466 3686 701 3772 intelligeretur,
724 3692 777 3753 aut
798 3686 901 3769 potius
916 3685 1126 3753 scribendum:
1149 3686 1240 3751 mul-

174 3792 288 3876 tique
332 3793 526 3876 praeterea
568 3793 659 3868 alii,
704 3813 796 3858 cum.
856 3791 947 3858 Nunc
985 3793 1109 3858 demum
1147 3791 1242 3859 etiam

176 3899 289 3964 clarius
312 3900 504 3981 perspicitur,
528 3919 619 3982 quam
641 3901 813 3966 necessaria
841 3900 900 3982 ipsi
929 3898 1151 3980 comparationi
1172 3919 1241 3983 gra-

173 4004 260 4070 datio
299 4005 352 4070 illa
394 4005 451 4071 sit:
496 4025 581 4070 cum
623 4007 787 4090 ingenio
830 4006 912 4072 sibi
952 4006 1242 4072 auctoritatem
