2974 4660
262 278 302 341 54
623 280 684 334 Lib.
709 280 730 334 L
757 278 822 349 Cap.
843 281 890 334 ll'.

318 479 456 560 Apparet
487 476 598 557 primis
630 480 777 558 quattuor
810 477 948 542 versibus
984 477 1116 543 describi
1139 480 1172 542 et
1193 478 1294 562 signi-

218 583 306 650 ficari
336 583 439 648 nivem
473 602 509 647 ex
540 583 698 649 montibus
731 584 867 662 allatam,
902 583 943 648 ad
972 603 1066 668 qnam
1094 585 1174 650 uiris
1195 585 1293 668 signi-

218 689 393 756 ficationem
420 689 452 754 in
478 689 586 772 quinto
612 708 704 755 versu
732 691 864 754 retertur
893 708 1059 772 pronomen
1089 692 1166 774 εὴςς
1195 709 1294 773 neque

219 796 303 861 enim
324 795 357 860 id
378 793 443 860 ullo
467 795 557 861 modo
578 814 649 862 cnm
672 814 717 876 eo,
740 797 823 878 qaod
844 797 983 878 proxime
999 795 1153 880 praeeedit,
1170 798 1293 861 nomine

220 896 286 986 ζωή
319 901 466 986 coniungi
497 904 613 985 potest.
668 904 772 986 Atque
806 903 871 968 haec
905 902 974 984 ipsa
1002 904 1118 980 „vitat
1151 908 1187 970 nt
1212 921 1295 968 nunc

220 1009 314 1075 verba
345 1006 530 1086 scribuntur,
566 1011 597 1073 et
632 1008 863 1089 perversissime
899 1011 1049 1094 Πιερίην
1082 1010 1150 1097 γῆν
1186 1009 1296 1074 induta

221 1115 335 1181 dicitnr
356 1118 388 1180 et
410 1115 532 1179 omuino
555 1114 739 1180 sententiam
762 1117 920 1198 pervertit
944 1137 1038 1199 quam
1062 1137 1122 1184 non
1142 1115 1295 1199 pertinere

221 1223 261 1288 ad
282 1220 439 1303 superiora
460 1218 499 1285 de
522 1220 646 1304 frigoris
675 1221 706 1286 vi
733 1223 865 1288 molesta
897 1225 1115 1302 continuanda,
1145 1224 1200 1290 sed
1222 1241 1296 1288 con·

222 1327 311 1394 trarii
344 1325 462 1409 aliquid
494 1329 650 1391 continere
683 1327 794 1394 debere
826 1329 980 1410 particula
1012 1323 1121 1412 αὐτάρ
1152 1329 1297 1394 ostendit.

223 1433 286 1500 Sed
318 1433 350 1498 id
382 1451 503 1508 nomen,
537 1453 597 1517 qno
630 1436 669 1500 ab
702 1435 791 1500 initio
825 1436 876 1500 nin
909 1436 1087 1518 significata
1120 1437 1194 1512 erat
1217 1436 1296 1500 latet

223 1541 329 1624 aperte
361 1540 418 1606 sub
451 1539 565 1604 litteris
596 1541 639 1629 τῇ
672 1545 725 1626 ῥα,
766 1541 895 1624 fuitque,
931 1547 967 1608 ut
1000 1545 1064 1608 iam
1097 1541 1297 1624 intelligitur,

223 1646 363 1712 feminini
399 1646 520 1730 generis
556 1665 792 1732 mensuramque
832 1649 942 1713 habuit
979 1650 1114 1715 trochaei.
1172 1647 1299 1712 Dixerat

224 1752 415 1819 Simonides:

308 1875 429 1967 Κῆρα
451 1877 528 1949 ποτ’
554 1878 760 1968 Οὐλύμποιο
784 1887 861 1970 περὶ
885 1881 1037 1970 πλεοραὶς
1059 1881 1229 1962 ἐκάλυψεν

244 2045 247 2054 .
348 1981 436 2063 cinric
457 1984 527 2056 α’νιό
552 1984 690 2080 Θρῄκης
712 1985 903 2077 ὀρνύμενος
924 1997 1062 2079 βορέης,

310 2088 444 2180 α’νδρών
466 2091 786 2184 δ’ἇχλαίνωνέδακε
807 2105 943 2185 φρένας,
966 2093 1076 2184 coede
1100 2093 1266 2182 ἐκάμφθη

350 2206 431 2293 ζωῇ
454 2206 603 2292 Πιερίην
623 2209 689 2294 γῆν
711 2211 948 2292 ἐπιεσσαμένη.

313 2318 351 2377 ἔν
372 2337 424 2385 τις
446 2313 521 2397 ἐμοὶ
546 2316 600 2379 καὶ
624 2315 686 2398 τῆς
710 2341 737 2381 κ.
760 2340 790 2378 a.
814 2317 844 2379 λ.

330 2439 551 2523 Nirempoeta
565 2447 725 2527 tamquam
738 2444 864 2508 letalem
880 2444 1033 2527 quandam
1052 2443 1173 2523 pestem
1188 2439 1303 2523 Olym-

230 2565 306 2629 pum
327 2548 496 2614 contexisse
526 2549 602 2616 dicit
632 2552 796 2633 omniaque
824 2551 936 2634 frigore
962 2548 1138 2630 implevisse
1160 2545 1301 2622 molesto,

232 2652 343 2721 deinde
365 2655 470 2720 tamen
491 2656 582 2721 terrae
605 2657 713 2722 Pieria
733 2676 859 2723 amoenae
882 2660 914 2721 et
928 2655 1039 2739 tepida
1055 2655 1197 2718 contactu
1213 2650 1304 2734 quasi

232 2759 305 2825 vitae
338 2761 470 2845 quadam
504 2763 739 2850 participatione
761 2762 930 2838 mollitam
963 2761 1055 2826 huius
1077 2762 1140 2824 iam
1162 2757 1303 2822 iucundae

232 2865 314 2931 nivis
336 2865 395 2931 sibi
411 2869 530 2950 partem
545 2869 612 2933 dari
630 2869 706 2936 vult.
744 2871 882 2952 Apparet
897 2869 979 2934 recte
993 2867 1107 2932 habere
1125 2859 1304 2948 ἐκάμφθη,

233 2989 371 3054 proquo
401 2973 556 3040 Porsonns
589 2976 751 3042 infeliciter
780 2969 926 3060 ἐθάῳθη
955 2974 1049 3040 scribi
1071 2972 1179 3038 voluit.
1234 2968 1304 3034 Non

234 3096 309 3160 opus
337 3097 403 3144 esse
433 3081 523 3146 credo
547 3082 696 3164 exemplis
717 3081 899 3159 confirmari,
923 3081 1029 3164 poetas
1052 3078 1174 3147 Graecos
1196 3077 1305 3142 eadem

233 3181 457 3267 significatione
487 3187 588 3254 dicere
615 3181 710 3275 χιόνα
741 3183 928 3255 καλύπτειν
957 3187 1035 3269 περὶ
1064 3181 1143 3269 ὅρος
1171 3183 1203 3248 et
1224 3178 1305 3266 ὅρος

236 3282 423 3356 καλύπτειν
444 3287 541 3379 χιόνι.
818 3297 821 3302 ’

337 3432 374 3501 Ρ.
392 3435 450 3498 132
465 3435 482 3498 f
493 3435 541 3520 (in
562 3437 735 3522 fragmento
751 3436 915 3503 Menandri
937 3454 972 3500 ex
995 3431 1168 3514 Trophonio
1191 3429 1306 3505 fabula,

237 3538 289 3604 nbi
311 3556 426 3622 coquus
455 3544 578 3624 exponit
608 3546 784 3629 peregrinos
812 3543 1011 3625 hospitesque
1037 3539 1113 3605 alios
1135 3537 1205 3601 aliis
1227 3536 1307 3600 escis

236 3648 269 3711 et
289 3644 424 3728 piscibus
448 3646 596 3714 delectari
618 3652 777 3735 capique):

639 3761 842 3855 Ἀρκαιλικός
867 3759 1071 3832 τούναντίον

323 3862 521 3947 α’θολλαττος
544 3881 581 3940 ἐν
603 3891 674 3951 τοῖς
697 3877 874 3946 λοπαδίοις
896 3865 1079 3939 οἷλιόκεται.

339 3998 400 4066 Vix
420 4004 551 4086 patellas
573 4005 761 4073 minusculas
783 4021 898 4085 coquus
921 3998 1091 4065 nominavit
1112 3999 1192 4060 inter
1211 4011 1307 4070 escas,

238 4102 296 4174 sed
317 4109 443 4188 ostreas,
467 4108 650 4181 λοπάδια
674 4117 874 4194 (quamquam
896 4104 1123 4172 deminutivum
1143 4100 1204 4166 hoc
1224 4098 1307 4182 legi·
