3012 4652
440 293 500 348 Lib.
519 293 551 347 Π.
572 292 704 366 Cap..1V‚
739 293 881 349 Cornelius
899 291 1000 362 Nepos.
1152 293 1212 358 205
1242 283 1245 290 ’

189 489 400 575 coniungenda
433 509 500 556 esse
534 509 603 554 cum
639 491 793 556 sententia
826 490 897 556 illa:
935 491 1068 558 cuivis
1104 494 1162 558 cet.
1219 492 1256 556 In

189 597 398 681 superioribus
431 595 556 688 quidem
590 595 664 662 ritis
697 596 782 662 nulla
816 598 946 664 minima
974 598 1066 665 buius
1094 597 1255 664 sententiae

190 702 374 790 significatio
396 701 452 768 est.
993 761 996 764 .

291 810 401 878 Obabr.
427 811 460 872 l:
493 808 668 891 Namque
700 809 739 874 in
771 828 813 876 eo
841 811 976 893 (proelio)
1005 811 1184 878 victorio
1204 811 1257 876 li·
1349 832 1351 836 ·

192 919 351 983 dentem
374 915 985 1000 summumduoemAgesilaum‚
1001 917 1157 1002 fugatis
1180 917 1257 982 iam

191 1025 236 1090 ab
259 1042 301 1088 eo
325 1021 606 1090 conducticiis.
629 1022 827 1098 catervis,
858 1023 1055 1108 reliquam
1085 1023 1257 1106 pbalan-

191 1149 276 1216 gem
307 1131 396 1195 loco
429 1129 564 1194 vetuit
596 1129 737 1194 cedere
758 1131 981 1215 obnixoque
1002 1150 1105 1215 genu
1126 1131 1256 1208 scuto,

191 1237 374 1320 proiecta
402 1235 520 1300 besta
549 1234 742 1317 impetum
772 1226 960 1318 excipere
991 1237 1169 1301 hostium
1191 1239 1257 1302 do-

88 1351 90 1355 ’
192 1343 285 1410 cuit.
330 1343 380 1408 Sic
402 1340 533 1421 codices,
556 1340 616 1408 nisi
638 1341 718 1425 quod
745 1362 799 1426 pro
828 1344 866 1408 in
895 1363 937 1408 eo
967 1344 1029 1408 fere
1056 1344 1094 1407 in
1118 1363 1161 1409 ca
1182 1343 1257 1410 scri-

193 1449 276 1516 bitur
307 1449 483 1530 pronomine
516 1449 554 1512 ad
587 1467 697 1514 nomen
725 1467 855 1532 sequens
885 1450 1126 1516 accommodato.
1170 1449 1258 1531 Quod

194 1556 361 1624 Lambinus
397 1555 560 1622 substituit
595 1555 748 1638 ceterique
783 1556 846 1620 fere
883 1556 1057 1633 tennerunt,
1100 1556 1259 1621 fidente

194 1681 341 1732 summo
365 1662 462 1730 duce
483 1661 692 1746 Agesilao,
712 1679 835 1744 prorsus
850 1663 1047 1727 temerariam
1063 1663 1156 1728 habet
1171 1681 1259 1728 cesus

193 1771 225 1834 in
262 1769 406 1854 quattuor
438 1769 612 1834 nominibus
646 1769 857 1834 mutationem.
912 1766 984 1848 Qui.
1005 1788 1103 1850 nuper
1131 1769 1257 1834 verbum

194 1876 316 1943 linitum
344 1875 539 1953 addiderunt,
560 1881 627 1941 eut
659 1866 845 1940 structuram
874 1875 1021 1940 orationis
1042 1876 1261 1957 perturbarunt

189 1984 249 2050 eut
270 1982 309 2048 ad
331 2001 400 2048 eam
423 1981 603 2049 servandam
625 1981 713 2064 plura
741 1981 868 2047 licenter
889 1980 1076 2048 addiderunt
1097 1989 1153 2059 (eo
1174 1981 1259 2046 fru-

196 2090 353 2156 stratus
375 2090 453 2168 est,
477 2089 578 2172 quorl
601 2090 682 2167 cet).
706 2088 885 2172 Requiritur
900 2088 1097 2171 perticipium
1114 2090 1261 2165 activum,

198 2196 380 2279 videturque
413 2196 563 2278 scriptum
595 2194 666 2260 olim
700 2195 814 2261 fuisse:
857 2195 1034 2268 victoria¹
1064 2194 1259 2264 fidentem

197 2303 392 2386 (vinens)
414 2322 607 2370 summum
636 2301 774 2368 ducem
807 2301 1039 2384 Agesilaum
1062 2301 1262 2366 ...reli-

192 2429 310 2493 quam
332 2409 572 2494 pbalangem
594 2410 680 2475 loco
704 2408 837 2474 vetuit
858 2409 999 2474 cedere
1022 2410 1080 2474 cet.
1120 2418 1124 2435 “

298 2528 481 2595 Timolao:
497 2527 675 2610 Populus
697 2545 805 2604 acer,
828 2527 1016 2607 suspicax
1038 2527 1083 2590 ob
1100 2544 1262 2609 eamque

157 2650 161 2663 *
198 2653 278 2698 rem
310 2635 490 2711 mobilis,
524 2632 800 2709 adversarius,
837 2631 1002 2697 invidus
1036 2631 1159 2696 etiam
1194 2650 1261 2714 po-

197 2742 338 2808 tentia
360 2741 399 2806 in
421 2741 571 2806 crimen
588 2738 1007 2806 vocabanturdomum
1024 2739 1262 2803 reuocetcct.

198 2850 235 2915 In
267 2848 335 2914 loco
368 2850 473 2930 aperte
506 2849 648 2930 corrupto
682 2847 775 2912 nimis
809 2844 899 2910 facile
926 2863 962 2910 ac
990 2845 1111 2908 temere
1135 2846 1167 2908 et
1189 2843 1262 2910 olim

198 2955 331 3024 editores
364 2956 396 3020 et
427 2973 523 3036 nuper
554 2953 683 3018 delendo
710 2971 743 3019 se
773 2950 915 3034 expedire
944 2950 1048 3016 conati
1075 2953 1148 3016 sunt
1169 2969 1205 3016 ec
1226 2971 1264 3015 ne
1383 2974 1385 2978 ·
1499 2955 1500 2959 ’

200 3060 245 3128 sio
267 3061 392 3144 quidem
415 3060 608 3126 tolerabilem
635 3058 782 3126 orationis
804 3059 837 3123 et
857 3059 1019 3123 sententiae
1040 3057 1171 3122 formam
1194 3057 1264 3122 effe-

200 3171 315 3254 cemnt.
363 3167 521 3234 Mobilitas
544 3166 648 3249 populi
669 3184 792 3249 prorsus
813 3182 955 3246 perverse
976 3164 1114 3230 hocloco
1131 3183 1265 3230 comme-

200 3278 344 3354 moratur,
366 3275 418 3340 ubi
440 3274 558 3358 reliqua
579 3273 685 3338 omnia
698 3273 737 3338 ad
754 3289 845 3336 unam
866 3269 1054 3336 iracundiam
1071 3274 1103 3335 et
1117 3269 1265 3336 inuidiam

201 3381 366 3448 notandam
388 3381 557 3464 pertinent;
589 3379 644 3446 sed
674 3378 747 3462 quid
774 3378 806 3444 in
834 3378 948 3443 litteris
969 3375 1135 3442 mobilis
1158 3374 1265 3453 lateat,

201 3487 337 3556 ostendit
359 3485 589 3553 adversarii
612 3486 811 3559 vocabulum
843 3483 1005 3548 manifesto
1032 3480 1114 3546 enim
1136 3481 1267 3562 populus

201 3597 283 3660 certo
327 3594 448 3660 cuidam
492 3593 654 3658 homiuum
696 3593 800 3674 generi
836 3588 1029 3654 adversarius
1065 3587 1266 3668 significatur.

201 3699 432 3767 Deindererba
449 3701 488 3766 in
506 3697 921 3766 crimenvocabantur
935 3696 1040 3776 aperte
1054 3694 1211 3782 pertinent
1227 3692 1267 3758 ad

132 3888 135 3895 Ι
201 3806 397 3875 Timotheum
412 3808 445 3872 et
455 3805 651 3889 Iphicratem.
668 3803 868 3868 Scribendum
882 3799 1113 3885 igituradhanc
1123 3799 1270 3864 formam:

202 3913 378 3997 Populus
400 3932 507 3990 acer,
527 3912 715 3994 suspicax
744 3910 789 3975 ob
822 3926 986 3990 eamque
1008 3924 1087 3971 rem
1108 3903 1269 3973 nobilibus

201 4009 1269 4098 aduersariue‚invidusetiampotentie<eoruruqui>

202 4125 240 4192 in
263 4129 411 4194 crimen
433 4126 696 4202 vocabantur,
720 4123 872 4189 domurn
897 4119 1068 4186 revocat.
1103 4119 1148 4182 De
1170 4118 1270 4204 priore
1316 4175 1319 4180 .
