2974 4660
572 269 716 358 Sophoclis
734 289 813 344 Aiax.
1149 287 1186 348 11
1267 355 1269 362 ⁴

54 531 59 544 -
154 486 263 572 Negat
294 488 413 552 Tancer
441 486 642 553 Telamonem
674 504 707 550 se
740 504 809 550 cum
841 486 950 551 nuntio
984 485 1092 550 mortis
1124 481 1230 548 Aiacis

157 593 341 659 redeuntem
374 595 503 660 comiter
535 595 568 659 et
599 593 697 658 hilare
730 593 927 673 excepturum
956 607 1033 670 esse,
1064 591 1116 674 qni
1137 609 1175 655 ne
1197 590 1229 654 in

157 700 237 765 bona
276 700 401 783 qnidam
432 701 554 766 fortuna
586 698 684 766 comis
718 701 750 762 et
782 697 899 762 hilarus
933 716 1000 763 esse
1032 696 1140 776 soleat,
1174 695 1230 762 sed

154 824 281 872 severus
304 809 335 870 et
356 806 464 872 tristis.
512 806 626 872 Varum
654 823 751 888 neque
773 804 878 869 Graeoe
901 802 1014 870 dicitur
1035 797 1136 870 ἴλεώυ
1157 803 1228 870 ἐστί

156 937 217 997 μοι
232 913 347 999 γελᾶν,
371 932 431 977 non
456 914 556 996 magis
582 931 674 996 quam
696 911 821 976 Latine:
846 909 1022 976 hilarum
1046 915 1108 976 est
1128 910 1229 975 mibi

153 1017 316 1098 ridere,
348 1037 447 1102 neque
479 1019 512 1084 id
542 1018 573 1083 in
600 1017 766 1084 Telamone
795 1016 1035 1091 desiderabatur,
1061 1015 1141 1099 quod
1168 1034 1227 1080 non

153 1126 256 1190 ridere
279 1125 400 1190 soleret.
446 1123 548 1203 (Quod
571 1116 662 1208 adpo
686 1141 740 1206 pro
762 1115 904 1206 rrrlpsccr
927 1142 945 1188 a
967 1121 1124 1189 nonnullis
1146 1121 1226 1187 acci*

153 1229 251 1311 pitur‚
276 1248 336 1294 non
357 1230 471 1316 agitur.
495 1231 570 1314 quid
593 1229 755 1296 Telamoni
777 1228 892 1303 liceat.)
936 1228 1154 1294 Scribendum:

559 1386 565 1400 .
588 1386 595 1403 .
618 1383 626 1400 .
650 1331 716 1422 ὅτῳ
739 1328 833 1420 ποίρα

254 1434 335 1526 μηδ’
357 1435 555 1526 εὐτυχοῦντι
578 1441 685 1527 μηδὲν
708 1444 807 1508 ἵλευυ
828 1443 946 1528 γελᾷ,

153 1549 207 1622 „in
230 1567 288 1632 quo
312 1567 349 1612 ne
371 1549 403 1613 in
422 1548 503 1613 bona
518 1549 644 1632 quidem
658 1549 781 1613 fortuna
794 1546 892 1612 hilare
907 1547 1077 1631 quidquam
1093 1549 1124 1613 et
1139 1566 1225 1613 como

151 1655 203 1732 (in
225 1656 324 1731 vultu)
347 1653 492 1720 arridet“.

308 1795 389 1858 1012
410 1813 473 1877 sq.:

253 1888 354 1975 οὗτος
374 1900 408 1967 τί
430 1893 552 1986 κρύψει
560 1925 572 1980 ,·
595 1913 697 1966 ποίου
719 1891 780 1966 οὐκ
803 1905 872 1984 ἐρεῖ
893 1897 999 1964 cauda

253 2002 314 2075 του
337 2014 372 2075 ἐκ
395 2002 494 2093 δορός
515 2006 648 2095 γεγῶτα
671 2005 841 2092 πολεμίου
863 1998 992 2085 νόθους

152 2114 327 2195 Porinepte,
351 2115 401 2197 qui
426 2133 461 2182 ex
483 2113 605 2195 captiva
632 2115 722 2179 natus
745 2116 796 2191 sit,
819 2131 854 2178 ex
877 2114 967 2179 hasta
988 2113 1092 2179 hostili
1115 2116 1223 2177 natum

146 2221 212 2286 dici
229 2225 277 2298 (ἐκ
293 2216 391 2305 δορὸς
407 2219 590 2304 πολεμίου)
605 2220 804 2284 manifestum
820 2220 876 2285 est.
912 2219 973 2284 Sed
989 2238 1042 2284 our
1054 2218 1224 2301 πολεμίου

150 2331 182 2393 in
211 2327 415 2409 suspicionem
443 2329 577 2398 vocetur,
608 2325 694 2390 nulla
721 2329 768 2391 est
796 2345 901 2402 οσσους
928 2347 983 2410 pro
1013 2320 1111 2410 δορός
1138 2344 1222 2408 quae·

152 2432 280 2499 rendum
307 2434 355 2499 est
376 2433 558 2498 vocabulum
582 2433 628 2496 rei
650 2435 756 2513 aptum
778 2451 834 2497 nec
851 2433 944 2517 longe
958 2433 1074 2499 littoris
1088 2431 1223 2498 distans.

148 2541 283 2622 Utrique
304 2540 475 2605 condicioni
497 2536 653 2602 satisfacit
674 2538 740 2601 baec
761 2539 926 2620 scripturas

251 2662 313 2733 τόυ
336 2673 370 2734 ἐκ
393 2660 563 2750 σπόρου
584 2667 715 2752 γεγῶτα
738 2666 908 2750 πολεμίου
930 2659 1052 2740 νόθου,

145 2793 188 2837 er
209 2774 409 2838 seminatione
430 2770 546 2837 hostili.

305 2913 382 2974 llll
405 2931 487 2995 sup:

253 3011 295 3085 ου’
316 3014 379 3106 γάρ
402 3044 435 3084 τι
457 3020 518 3104 τῆς
541 3019 602 3102 σῆς
624 3010 723 3084 εἵνεκ’
741 3013 987 3102 ἐστρατεύσατο

252 3116 559 3212 consectationem
583 3130 616 3191 οἱ
638 3119 750 3191 πόνου
772 3125 902 3192 πολλου
926 3127 1028 3217 πλέῳ,

163 3295 164 3299 ,
251 3225 324 3300 αλλ’
346 3231 444 3319 εἵνεχ’
466 3230 577 3317 ὅρκων
599 3227 687 3298 οἷοιυ
709 3222 752 3314 ἦν
775 3226 955 3316 ἐυοίμοτος.

145 3359 322 3440 Quomodo,
344 3363 397 3445 qui
420 3363 559 3427 molieris
575 3361 730 3444 (Helena)
750 3379 843 3426 cansa
857 3363 980 3428 Troiam
997 3363 1125 3446 profecti
1147 3363 1219 3441 sint,

146 3463 212 3531 dici
243 3467 364 3549 possint
396 3462 506 3535 πόνου
537 3467 667 3533 πολλου·
691 3468 789 3553 πλέῳ,
831 3468 913 3532 varie
946 3469 1097 3539 enarrant,
1130 3486 1220 3533 nemo

148 3572 351 3653 probabiliter
374 3580 428 3639 aut
450 3574 504 3646 sio,
528 3578 563 3637 ut
584 3573 655 3654 apte
677 3573 735 3637 hoo
759 3574 945 3638 contrarium
966 3576 1095 3656 ponatur
1117 3571 1221 3638 Aiacis

151 3677 251 3742 solam
283 3679 359 3742 iuris
392 3678 513 3742 iurandi
545 3677 639 3742 fidem
673 3679 770 3743 secuti
808 3677 848 3744 ad
880 3679 997 3744 bellum
1028 3677 1219 3760 profectioni.

151 3780 310 3864 Optimam
346 3784 531 3849 sententiam
568 3784 759 3860 babebimus,
797 3784 824 3848 si
859 3803 921 3849 nna
955 3785 1064 3850 littera
1099 3786 1221 3851 mnata

147 3887 380 3970 scripserimus:
425 3937 434 3955 .
458 3939 465 3955 .
491 3939 497 3954 .
521 3881 670 3956 πόθου
692 3890 823 3956 πολλου
846 3891 945 3977 πλέῳ.
989 3890 1220 3975 significantur,

147 4011 228 4076 qnos
261 3994 387 4059 Helenae
419 3994 615 4078 pulchritudo
648 4013 752 4060 amoro
784 3997 817 4061 et
850 3995 1001 4062 desiderio
1033 3997 1071 4062 ad
1102 3996 1220 4062 bellum

150 4104 324 4166 vocaverat.
