3012 4652
536 359 538 364 .
576 311 715 370 ciceronis
734 312 866 382 epistolae.
1151 313 1212 376 203

11 565 12 576 ,
78 583 82 588 ,
191 505 330 591 epistolas
351 506 450 574 tertiae
472 507 598 574 initium
618 508 827 574 intercidisset
840 510 873 575 in
889 528 925 574 ea
938 509 1055 587 lacuna,
1072 527 1141 594 quae
1156 509 1252 580 etiam

190 613 331 680 secundas
353 613 491 697 epistolae
512 613 604 681 linem
627 616 739 682 amisso
762 615 836 682 lolio
859 615 972 694 hausit,
993 615 1026 681 in
1050 615 1131 682 hunc
1152 617 1253 683 locum

99 785 101 789 .
189 718 377 802 irrepserunt
398 719 444 798 (in
467 719 610 799 editione,
640 740 713 787 sane
738 741 800 788 non
828 724 859 789 in
882 721 999 801 codice)
1022 722 1116 788 verba
1138 721 1255 806 aliquot

191 827 272 904 (sed
294 844 367 910 quo
388 845 457 893 nos
479 828 685 904 amisisso;
713 848 824 912 quem
855 830 913 895 sio
936 829 1071 894 vexari
1093 849 1111 893 a
1133 830 1252 895 Dola·

189 932 445 1013 bellaaudio,
461 937 503 997 ut
523 933 600 999 iam
621 953 695 1001 non
717 933 1252 1002 videaturorudelissimum

190 1041 276 1106 eius
308 1039 467 1106 lacinus
497 1040 739 1107 interfectio
760 1040 976 1120 Trebonii),
1009 1059 1077 1124 quae
1098 1042 1253 1123 pertinent

188 1147 228 1213 ad
249 1165 314 1214 rem
338 1146 371 1211 et
391 1149 512 1230 tempus
534 1146 625 1229 paulo
646 1149 806 1230 posterius.
850 1148 967 1214 Deinde
984 1149 1121 1230 epistola
1137 1149 1253 1232 quartae

189 1255 383 1321 adhaeserunt
403 1254 548 1318 nonnulla
570 1261 602 1337 (9‘
624 1256 644 1317 3
666 1255 769 1338 quod
797 1275 853 1321 me
882 1255 926 1321 de
955 1254 1131 1321 Antonio
1159 1273 1252 1320 con·

188 1347 295 1429 sulis'
314 1379 409 1444 usque
431 1360 610 1437 adfinem).
655 1362 812 1427 Postremo
832 1363 968 1445 epistolae
990 1364 1116 1446 quintae,
1139 1362 1169 1426 in
1193 1379 1253 1445 qua

146 1474 150 1480 '
189 1471 303 1535 Brutus
318 1466 472 1533 Ciceronis
495 1467 533 1531 ds
548 1465 716 1532 Dolabellae
736 1469 768 1555 in
789 1468 863 1534 Asia
877 1470 1043 1534 sceleribus
1060 1470 1092 1533 et
1107 1469 1253 1533 Trebonii

190 1579 300 1641 morte·
325 1575 473 1640 iudicium
514 1575 545 1639 et
583 1575 744 1640 consilium
783 1575 937 1658 simulque
978 1576 1016 1639 de
1048 1575 1082 1639 1..
1116 1574 1252 1640 Antonio

188 1684 344 1765 exspectat
376 1683 407 1747 et
439 1681 579 1764 exquirit,
612 1680 666 1744 fini
694 1680 889 1746 adhaesemnt
910 1682 1004 1746 rerba
1024 1683 1151 1765 aliquot,
1184 1700 1253 1764 quac

188 1789 350 1854 manifesto
372 1807 430 1852 non
454 1787 553 1865 Bruti,
576 1787 628 1852 scd
653 1787 805 1852 Ciceronis
829 1788 923 1853 Bruto
945 1788 1158 1870 respondentis
1182 1792 1252 1853 sunt

190 1897 243 1973 (at
262 1897 302 1960 in
323 1895 457 1961 Asiam
484 1913 627 1960 censeo
649 1894 968 1978 persequendum
993 1898 1075 1974 cet).
1118 1893 1175 1958 His
1198 1894 1253 1959 de·

187 2003 293 2068 tractis
315 2002 348 2065 in
370 2000 453 2067 huno
474 2002 576 2085 ipsum
596 2003 697 2066 locum
721 2001 947 2084 transponenda
968 2005 1039 2066 sunt
1061 2003 1154 2068 verba
1171 2020 1252 2066 nunc

188 2108 277 2175 initio
306 2109 443 2191 epistolae
472 2109 575 2174 tertiae
603 2107 764 2192 positast
795 2110 882 2174 Bruti
916 2108 1049 2194 epistola
1078 2109 1123 2174 sic
1155 2109 1252 2173 conti·

187 2216 324 2282 uuanda:
356 2216 438 2282 Hoc
469 2215 598 2308 magis
630 2215 746 2281 doleo
777 2215 913 2281 Asiam
943 2233 1013 2280 nos
1046 2214 1251 2291 amisisse,

186 2341 281 2410 quarn
310 2324 369 2390 sic
397 2322 526 2388 vexari
555 2341 574 2388 a
603 2322 817 2388 Dolabella
838 2321 972 2400 audio,
1001 2322 1148 2387 utiam
1179 2339 1251 2388 non

187 2430 365 2495 videatur
387 2428 717 2496 crudelissimum
733 2430 818 2494 eiu's
835 2427 1252 2519 lacinusinterfectio

187 2536 390 2602 Trebonil.
434 2534 550 2612 (Verba
577 2534 646 2598 sed
675 2553 748 2616 quo
777 2535 809 2599 in
839 2553 927 2599 suam
955 2534 1085 2599 formam
1111 2533 1252 2617 redigere

188 2661 246 2708 non
267 2648 417 2725 possum.)
454 2639 667 2706 continuanda
681 2641 764 2716 dico,
786 2657 856 2705 nam
873 2640 964 2705 huius
980 2657 1100 2723 quoque
1115 2639 1253 2723 epistolae

188 2748 263 2814 finis
282 2754 312 2813 et
333 2746 480 2830 proxima
508 2745 633 2811 initium
662 2746 756 2810 simili
777 2765 849 2812 cusu
870 2746 1036 2824 intercidit,
1059 2749 1152 2829 atque
1173 2747 1253 2812 inter

188 2856 354 2925 secundam
378 2857 410 2919 ct
430 2852 555 2917 tertiam
577 2852 725 2917 accidisse
748 2852 818 2916 dixi.
863 2851 944 2917 Nam
962 2853 1078 2920 amisso
1093 2855 1166 2918 folio
1181 2853 1252 2919 finis

189 2962 327 3044 epistola
350 2960 438 3024 Bruti
469 2956 628 3023 intercidit
659 2959 692 3021 et
722 2957 848 3022 initium
878 2958 1033 3040 proxima,
1065 2978 1125 3042 qna
1147 2958 1252 3026 Cicero

189 3069 286 3134 Bmto
308 3066 518 3149 responderat.
565 3063 611 3128 m
643 3062 702 3128 hac
733 3065 898 3145 supersunt
928 3063 993 3144 illa,
1016 3084 1083 3148 quae
1106 3047 1186 3132 nunc
1208 3070 1253 3132 le·

187 3175 303 3259 guntur
324 3173 356 3237 in
379 3191 427 3252 ep.
450 3171 472 3231 4
500 3173 531 3234 ot
559 3172 591 3233 in
619 3167 680 3233 fine
709 3169 847 3253 epistola
876 3171 966 3237 Bmti
987 3173 1044 3250 (5).
1088 3173 1141 3238 Sic
1167 3173 1252 3238 enim

187 3281 253 3348 hacc
275 3279 444 3346 coherent:
463 3274 569 3354 Quod
591 3293 648 3340 me
670 3276 911 3368 deAntonio
934 3279 1115 3344 consulis
1138 3286 1199 3362 (ep.
1223 3280 1251 3356 5,

189 3389 232 3467 B),
255 3385 382 3469 quoad
408 3381 527 3447 Bruti
549 3381 699 3448 exitum
722 3384 994 3467 cognorimus,
1017 3384 1279 3450 custodian-¹

188 3494 277 3558 dum
310 3491 417 3573 puto.
449 3487 502 3552 Ex
530 3488 580 3552 iis
613 3489 790 3568 litteris,
824 3509 922 3574 quas
954 3490 1051 3555 mihi
1079 3489 1254 3568 misisti,

188 3595 407 3664 Dolabella
426 3593 562 3659 Asiam
585 3613 727 3661 vexare
752 3594 915 3662 videtur
937 3600 976 3662 et
996 3597 1035 3662 in
1058 3615 1101 3661 ea
1122 3615 1162 3662 se
1183 3615 1252 3681 ge·

188 3721 277 3778 roro
310 3699 540 3766 taeterrime.
577 3698 858 3782 compluribus
887 3704 1018 3768 autem
1040 3703 1252 3786 scripsisti

191 3804 443 3874 Dolabellam
466 3824 485 3870 a
506 3805 675 3875 Rhodiis
697 3826 784 3873 esse
806 3807 1026 3886 exclusum,
1058 3809 1182 3892 quisi
1206 3809 1252 3875 ad

190 3899 368 3983 Rhodum
413 3913 605 3992 accessit,
649 3913 811 3979 videtur
846 3912 946 3979 mibi
980 3917 1115 3980 Asiam
1152 3915 1252 3981 reli·
1342 3924 1344 3928 '

190 4023 338 4107 quisse.
376 4017 421 4084 Id
449 4019 481 4085 si
504 4019 562 4086 ita
583 4020 660 4096 cst,
689 4018 788 4086 istic
814 4020 896 4087 tibi
918 4040 1060 4090 censeo
1082 4011 1252 4089 commo·

189 4130 371 4205 randum
404 4127 466 4192 sin
484 4144 581 4216 'eam
614 4125 738 4192 semol
771 4127 896 4210 oepit,
918 4128 1016 4194 mihi
1039 4128 1173 4208 credo,
1196 4128 1253 4169 **
