3008 4654
655 321 772 378 desitus.
1144 328 1204 390 243

177 531 281 596 pugna
314 517 347 579 et
377 515 443 582 eiua
476 521 587 584 eventu
617 519 831 586 subiiciuntur.
878 521 948 588 Una
968 523 1076 589 littera
1106 524 1248 591 addenda

177 623 263 684 erat:
308 619 468 689 direota
503 644 546 690 ex
582 626 745 692 diverso
779 627 887 693 aeies
921 629 1023 695 haud
1056 633 1197 712 procul
1229 653 1248 698 a

179 724 348 793 flumine
372 730 593 814 Rhodopei,
616 733 878 800 obversisoet.

277 834 357 902 ibid.
379 836 436 902 32:
463 841 611 905 missus
633 857 722 906 cum·
738 841 943 906 mandatis
966 843 1181 910 Montanus
1202 845 1246 910 ad

178 939 367 1021 Civilem,
383 946 426 1008 ut
446 945 673 1013 absisteret
694 947 803 1014 bello
825 965 923 1013 neve
946 953 1110 1016 externa
1129 953 1247 1017 armis

97 1038 99 1040 ’
178 1046 300 1113 falsis
321 1051 479 1118 velaret
499 1056 557 1119 eet.
596 1055 705 1139 Neque
725 1053 756 1119 io
780 1057 1036 1121 externorum
1056 1057 1180 1122 nomine
1203 1057 1247 1124 sie

180 1155 260 1219 nude
281 1156 381 1237 posito
407 1157 472 1222 nlla
492 1162 541 1225 eat
562 1162 605 1226 rei
627 1161 716 1227 malae
745 1165 800 1228 eut
828 1181 895 1246 quae
923 1163 1055 1229 velanda
1084 1163 1128 1229 sit
1150 1163 1245 1248 signi-

178 1260 289 1340 tioetto,
312 1264 471 1348 multoque
493 1265 597 1333 minus
618 1268 813 1353 intelligitur·
843 1287 897 1336 eor
923 1269 1000 1335 falsa
1030 1288 1116 1336 arma
1142 1271 1248 1353 appel-

179 1367 289 1446 lentur,
310 1369 422 1453 quibus
443 1369 550 1438 Civilis
571 1375 651 1440 serio
675 1377 707 1440 et
728 1375 842 1441 aeriter
863 1376 1018 1442 Romanos
1040 1377 1247 1461 oppugnabat.

179 1474 262 1540 lllud
283 1477 507 1559 postulabatur,
531 1499 569 1545 ne
592 1480 699 1546 Civilis
722 1483 826 1559 armis,
858 1482 970 1565 quibus
996 1483 1165 1566 imperium
1186 1481 1249 1548 ilo-⁴

179 1601 305 1647 manum
326 1583 482 1650 hostiliter
502 1586 734 1670 aggrederetur,
758 1589 868 1654 falsam
884 1591 1022 1672 speeiem¹
1034 1589 1162 1656 oeeultae
1176 1607 1247 1656 eum

179 1687 368 1771 Vespasiano
401 1693 634 1776 oonspirationis
664 1699 695 1760 et
722 1713 776 1777 pro
807 1714 842 1760 eo
870 1695 1027 1779 pugnandi
1056 1696 1248 1774 obtenderet,

180 1794 353 1876 quodsum
376 1798 484 1865 feeisso
508 1802 540 1865 et
560 1803 632 1867 ante
654 1807 812 1867 narratum
842 1803 891 1866 est
919 1802 951 1866 et
979 1802 1124 1886 proximis
1144 1801 1248 1868 uerbis

180 1901 379 1986 significatur.
438 1905 608 1990 Seripserat
642 1907 783 1975 Tacitus:
825 1927 922 1974 neve
957 1911 1125 1974 externa
1156 1911 1248 1976 arlia

179 2010 393 2094 (mnis)
415 2014 535 2081 falsis
568 2017 735 2081 volaret.
791 2017 869 2082 Duoe
894 2033 984 2082 voees
1013 2015 1177 2082 alitteris
1206 2019 1248 2080 a'r

180 2114 363 2198 incipientes
389 2118 419 2184 in
448 2140 540 2186 unam
563 2122 750 2188 coaluerunt.
805 2125 1004 2189 Arcanum
1036 2123 1069 2187 et
1100 2140 1248 2188 area-na

180 2241 272 2304 quam
309 2226 484 2309 nequenter
520 2228 647 2295 Tanites
682 2230 944 2296 substantivorum
979 2229 1046 2296 loeo
1080 2233 1184 2311 ponor,
1220 2231 1252 2294 et

181 2332 357 2397 eommunia
379 2332 476 2399 lexiea
498 2335 664 2402 ostendunt
686 2341 718 2402 et
739 2337 830 2419 paolo
851 2337 975 2403 uberius
996 2335 1156 2402 Taoiteum
1174 2336 1251 2401 Bot-

170 2435 301 2504 rtieheui.
346 2439 523 2507 Externa
544 2460 651 2508 arma
674 2444 868 2510 scribendum
892 2459 957 2508 esso
974 2441 1099 2524 Lipsius
1120 2440 1249 2520 ridetat

183 2542 289 2609 addito
311 2546 473 2612 areanis
494 2552 606 2630 praeter
627 2550 817 2616 sententiam
840 2551 957 2614 reetam
979 2549 1011 2613 et
1040 2548 1249 2612 membrorum

184 2650 346 2734 aequalitas
368 2653 542 2719 restituitur
561 2660 592 2719 et
614 2655 718 2722 mendi
741 2657 826 2740 ou'go
848 2653 1042 2738 perspiritur.

286 2760 362 2825 ibid.
390 2760 432 2820 42
462 2759 500 2824 de
529 2745 659 2846 Reputo,
688 2765 744 2854 qui
772 2766 953 2830 Crassorum
982 2765 1014 2826 et
1043 2759 1133 2826 Ornti
1160 2761 1252 2825 domo

184 2865 331 2932 subversa
363 2865 467 2934 odium
499 2872 700 2950 contraxerat,
723 2872 768 2935 sio
790 2870 934 2936 emititur
962 2869 994 2933 in
1025 2865 1130 2933 codiee
1151 2865 1254 2930 Med:

185 2974 328 3052 sponte
363 2993 379 3039 e
412 2965 503 3044 xeo
542 2979 752 3044 accusatio
789 2979 952 3043 subisse
986 2973 1151 3041 iuvenis
1182 2972 1252 3038 ad-

184 3078 336 3144 modum
371 3099 443 3148 nee
476 3083 712 3167 depellendi
746 3082 936 3168 periculi,
970 3082 1037 3148 sed
1071 3081 1112 3146 in
1143 3097 1252 3161 spem

185 3186 379 3266 potentia
413 3189 640 3256 ridebatur.
704 3187 840 3257 Senatus
877 3189 1010 3256 eonsulti
1048 3187 1165 3252 nullam
1203 3186 1253 3250 hie

186 3293 371 3359 mentonem
394 3315 413 3361 a
434 3297 542 3363 'Petito
570 3288 685 3364 fastam
714 3315 781 3364 esse
803 3307 909 3363 omnes
931 3294 1166 3369 intellexeruntr·
1182 3310 1254 3358 nam

133 3461 152 3479 ,
185 3416 283 3483 nequo
316 3406 442 3468 sendus
478 3405 618 3471 eonsulto
652 3407 843 3471 aoousatores
875 3401 1053 3468 maiestatis
1082 3399 1254 3467 eonstitue-

186 3505 307 3582 bantur,
330 3527 437 3594 oeque,
461 3511 488 3576 si
512 3512 648 3596 Regulus
671 3516 794 3577 senatus
809 3509 945 3577 consulto
960 3509 1123 3591 paruisset,
1144 3507 1253 3589 sponte

185 3612 310 3696 egisset,
333 3634 432 3701 neque
454 3617 528 3698 eius,
560 3619 615 3684 sed
645 3623 770 3685 senatus
797 3619 888 3700 eulpa
908 3615 1028 3680 fuisset.
1073 3612 1133 3678 Sed
1154 3630 1255 3696 neque

186 3720 238 3802 qui
259 3721 381 3789 litteras
397 3745 413 3789 e
427 3714 504 3792 XSU
515 3724 697 3808 simpliciter
711 3724 832 3799 tollunt
858 3722 954 3799 ullam
976 3716 1256 3786 verisimilitudinis

187 3829 320 3909 speeiem
344 3834 556 3917 assequuntur,
587 3850 684 3930 neque
717 3829 923 3914 probabiliora
948 3829 1030 3908 sunt,
1053 3817 1121 3909 quae
1143 3825 1196 3890 alii
1220 3844 1256 3889 er

186 3933 347 4018 ipsisillis
369 3941 483 4006 litteris
507 3939 786 4024 exsoulpsemnt.*)
828 3934 912 4002 Illud
934 3935 1028 4000 miror
1047 3933 1200 4000 nemiuem
1220 3950 1256 3995 ex

238 4173 265 4241 *)
285 4174 353 4230 Gom
371 4174 442 4231 hano
460 4173 550 4244 ipsam
561 4167 1127 4244 plagulamstypollretaetradituruseram,
1140 4164 1258 4234 cognovi

1001 4258 1054 4327 16*
