3008 4654
307 313 370 378 m
674 314 926 386 mmmu

258 510 622 590 nontiaverunt
656 507 871 580 eousidere
900 514 1023 582 simul
1051 517 1110 582 oet
1153 509 1333 580 iuveniliter

264 636 302 686 ao
322 637 410 701 paene
430 620 593 702 pueriliter
614 621 724 688 lusisse
745 619 898 688 Neronem
929 625 962 687 et
989 623 1109 690 eeteros
1138 638 1208 686 enm
1230 616 1333 684 atatis

258 727 459 792 excusatione
494 727 659 814 signifieat
712 727 782 794 Nou
813 729 1013 808 intercedam,
1046 729 1074 795 si
1105 727 1176 811 quis
1208 725 1333 807 propias

263 830 359 897 etiam
382 831 422 900 ad
451 832 575 905 litteras
603 833 695 902 soribi
724 835 872 902 moluerit
903 837 1039 902 aetatis
1072 851 1156 902 verra
1185 831 1264 911 uti,
1298 834 1333 896 nt

258 931 456 1021 siguifieetnr
476 957 587 1024 proeax
607 941 747 1025 quedam
769 943 968 1009 exuberantia
988 943 1090 1009 relatis
1104 941 1138 1007 iu
1154 936 1333 1005 huiuamodi

265 1041 345 1120 lusu,
367 1043 510 1127 addique,
531 1047 614 1130 quod
635 1049 698 1112 iam
720 1047 776 1114 alii
796 1048 993 1125 addiderunt.
1026 1049 1058 1115 ii
1088 1049 1163 1115 aute
1195 1045 1331 1111 eonsi-

260 1150 373 1228 dere,
396 1157 431 1218 ut
453 1153 552 1220 oratio
567 1173 586 1219 a
601 1153 722 1222 Nerone
736 1155 777 1222 ad
791 1161 910 1222 eeteros
924 1158 1062 1239 apertius
1076 1152 1330 1230 transferatur-*i

364 1269 443 1336 Ibid.
467 1272 508 1334 36
530 1273 576 1351 (in
609 1274 746 1338 oratioue
779 1272 918 1341 Suetonii
950 1275 1105 1354 Paulini):
1138 1271 1271 1339 Etiam
1291 1270 1330 1337 iu

264 1375 408 1442 multis
430 1377 667 1460 legionibus
689 1398 852 1463 peneus,
879 1379 946 1465 qui
967 1382 1108 1464 prelia
1129 1379 1330 1463 profliga-

263 1484 355 1549 rent
376 1487 434 1550 eet
492 1485 639 1550 Mendum
673 1490 816 1570 apparete
851 1488 964 1553 liitteri
996 1489 1182 1566 eeuieotnra,
1214 1486 1245 1551 iu
1271 1503 1330 1568 qua

263 1589 414 1657 retinetur
448 1591 488 1655 iu
523 1593 665 1658 multis
697 1592 948 1677 legionibus,
981 1596 1141 1660 sententiae
1176 1592 1329 1678 generalis

262 1697 396 1779 speeiem
433 1697 527 1764 elficit
570 1717 684 1782 pravae,
731 1699 818 1783 quasi
856 1719 926 1765 eum
962 1701 1123 1784 opprobrio
1159 1701 1329 1775 obiiciatur,

257 1803 356 1869 etiam
390 1823 460 1871 eum
495 1806 603 1871 multae
635 1807 772 1889 legiones
811 1806 891 1884 sint,
933 1825 1045 1889 paneae
1086 1807 1206 1874 sortiter
1240 1823 1330 1890 agere

262 1911 296 1976 et
322 1929 389 1976 rem
419 1910 590 1991 decernere,
620 1932 676 1979 nee
705 1913 754 1992 iis,
785 1931 853 1996 quae
881 1914 1095 1993 subiiciuntur,
1124 1919 1223 1998 aptae3
1258 1929 1328 1977 uam

261 2016 305 2082 ibi
338 2016 477 2099 paueitas
511 2037 615 2084 eorum
647 2019 853 2102 significatur,
896 2021 948 2104 qui
981 2039 1061 2087 nuno
1093 2021 1195 2103 ipsum
1227 2021 1330 2086 adsint

259 2123 441 2205 bellumque
477 2125 611 2206 plurium
648 2125 753 2191 labore
789 2132 821 2192 et
858 2145 950 2210 opera
986 2127 1114 2214 dignum
1157 2127 1330 2204 oeuiioiant.¹

263 2229 464 2296 eadbertum
486 2236 551 2296 est:
580 2231 659 2299 Esse
684 2251 703 2299 e
727 2237 795 2303 tam
818 2235 961 2301 multis
982 2234 1216 2320 legionibus
1237 2251 1328 2316 pau·

257 2355 344 2415 eos,
376 2337 442 2421 qni
472 2338 613 2419 prelia
639 2340 931 2426 profligarent,
954 2341 1176 2426 gloriaque
1198 2359 1326 2406 eornm

261 2461 515 2508 aeoesenrum
551 2449 609 2510 oet.
668 2446 807 2514 Oratorie
844 2447 957 2513 multas
993 2449 1131 2533 legiones
1167 2447 1329 2513 Suetonius

261 2548 406 2633 appellat,
431 2551 552 2633 quaein
575 2553 643 2635 ipsa
658 2553 817 2620 Britannia
840 2556 984 2638 quattuor
1005 2556 1054 2620 vel
1077 2557 1209 2638 quinque
1231 2556 1328 2632 erant,

255 2657 390 2734 eeteras,
422 2675 491 2740 quae
523 2677 578 2741 per
608 2663 708 2725 totum
742 2662 905 2743 imperinm
934 2679 1047 2745 sparsa
1076 2666 1175 2735 erant,
1197 2661 1326 2727 obseura

261 2762 485 2848 significatione
506 2766 834 2848 conprehenderent)

260 2885 444 2894 ———-.
479 2889 493 2896 -ι

315 2953 342 3022 *)
362 2955 390 3008 e.
410 2953 453 3021 aa,
472 2955 519 3008 uni
538 2955 640 3009 editur:
669 2956 747 3024 quia
765 2956 903 3011 berneri
920 2923 1054 3011 emissis
1073 2955 1231 3010 custeint
1249 2972 1329 3026 ρω-

361 3046 528 3114 sidiisque
549 3047 758 3119 militarium,
784 3049 871 3119 quod
890 3051 1090 3105 uberrimum
1110 3051 1274 3120 spolianti
1294 3057 1328 3105 et

362 3137 623 3196 defendentibus
661 3143 817 3203 intutum,
853 3145 923 3198 laeti
959 3144 1071 3213 praeda
1108 3150 1140 3198 et
1175 3143 1327 3200 laborum

363 3249 482 3302 segnes
509 3234 684 3303 petebant,
711 3243 787 3291 reete
814 3235 935 3294 Pieheua
966 3239 1102 3293 intellexit
1128 3239 1326 3294 militarium

361 3327 457 3382 vitiose
476 3326 530 3380 diei
548 3343 599 3396 pro
619 3344 661 3397 eo,
679 3328 752 3396 quod
771 3337 814 3384 est
836 3332 991 3399 militum3
1015 3329 1065 3386 sed
1088 3331 1160 3399 quod
1184 3331 1328 3387 substituit

360 3421 580 3489 militaribus,
599 3429 627 3476 et
645 3422 786 3476 militum
805 3431 834 3478 et
852 3425 1059 3480 militaribus
1078 3439 1192 3494 prorsus
1205 3424 1328 3479 abundat

363 3515 391 3568 in
409 3514 584 3570 castellorum
608 3522 636 3570 et
658 3515 849 3585 prasidiornm
872 3519 1016 3584 mentione,
1043 3517 1213 3574 desideratur
1231 3525 1328 3574 eontra

360 3606 552 3664 molestissime
562 3608 616 3664 looi
635 3609 708 3664 reive
722 3610 813 3678 petitae
828 3612 976 3682 appellatio
989 3611 1102 3681 propria
1114 3611 1204 3666 neutri
1218 3611 1327 3680 generis

361 3699 470 3754 nomine
489 3702 693 3770 comprehensa,
713 3703 748 3759 ad
767 3703 839 3772 quod
857 3703 994 3760 referatur
1010 3720 1160 3774 pronomen
1173 3703 1325 3759 relativum.

361 3792 458 3861 Itaque
483 3793 613 3862 seriptum
636 3793 727 3850 fuerat
750 3796 785 3850 ad
803 3798 874 3851 hanc
889 3797 1015 3852 formam:
1044 3794 1172 3851 militare
1192 3839 1197 3850 .
1218 3838 1223 3849 .
1245 3810 1326 3865 .-uni,

363 3884 448 3951 qued
472 3892 522 3940 eet.
556 3886 685 3944 Fueritue
704 3879 850 3944 militare
868 3891 1030 3957 horreum,
1051 3889 1197 3958 quodmihi
1211 3891 1327 3959 aphile-

360 3979 423 4047 logo
442 3981 601 4035 amanuensi
621 3982 772 4049 subiicitur,
791 3997 826 4035 an
845 3981 920 4036 eliud
938 3982 1051 4052 propius
1068 3983 1212 4051 aptiusque
1231 3984 1325 4050 lateat,

360 4087 414 4126 non
433 4071 541 4127 definio.

292 4162 340 4225 Ὶ*Ἰῆ
360 4164 388 4218 Ο.
413 4165 448 4220 39
476 4172 579 4219 eertum
607 4173 649 4222 est
676 4183 731 4222 uon
758 4169 864 4223 narrari
892 4169 1051 4224 Suetonium
1078 4170 1161 4225 rebus
1188 4168 1326 4239 gerendis,

361 4273 474 4325 quarum
498 4257 573 4312 nrrssa
597 4259 708 4314 minima
732 4260 895 4330 significatio
918 4263 1051 4333 sequitur,
1069 4264 1208 4319 detentum
1227 4278 1288 4318 esse
1309 4279 1327 4319 a
1345 4327 1351 4336 .
