3008 4650
628 282 813 340 miscellanea.
1175 286 1215 348 79

287 479 323 544 ln
350 479 449 548 lliono
472 479 588 554 tassio,
617 498 655 545 ue
685 481 810 563 propter
839 480 1023 548 tenuitatem
1046 499 1161 556 eorum,
1185 497 1258 564 qnae

186 583 225 648 ad
246 583 313 649 eius
334 585 429 652 libros
450 582 657 651 emendandos
678 605 760 651 nunc
778 586 913 662 afferam,
929 588 1111 669 scriptorem
1126 606 1258 654 summae

185 689 226 754 ad
248 708 296 755 res
318 691 474 756 Romanas
497 692 724 776 cognoscendas
746 691 893 778 utilitatis
915 711 984 759 sero
999 712 1035 759 ac
1049 693 1254 776 perfunctorie

185 796 327 881 attigisse
360 798 472 881 videar,
507 817 599 881 cogor
631 797 748 864 inritus
777 818 844 865 rem
872 799 980 864 miram
1003 817 1256 876 commemorareY

186 902 265 984 qnod
298 903 352 969 fiet
384 905 449 969 sine
483 903 550 969 ulla
583 905 769 970 contumelia
805 905 864 971 viri
898 905 1013 989 egregii
1046 904 1253 970 Immennalis

187 1007 327 1086 Bakkeri,
344 1027 442 1092 quem
455 1009 568 1094 ¹quanli
583 1013 613 1076 et
628 1009 740 1076 faciam
756 1015 788 1077 et
802 1030 923 1094 semper
937 1010 1072 1088 fecerim,
1096 1030 1166 1076 cum
1181 1009 1259 1086 alibi

185 1114 247 1178 diri
276 1115 343 1180 tum
375 1116 508 1182 ubertim
533 1115 564 1180 iu
594 1115 771 1197 praelatione
802 1117 911 1198 prioris
944 1114 1085 1182 editionis
1118 1117 1257 1202 syntaxis

186 1219 300 1287 Graecae
315 1242 344 1305 p.
357 1222 459 1301 xvss,
477 1226 508 1289 et
523 1223 589 1288 sine
605 1221 670 1286 nlla
685 1221 811 1306 indigna
826 1241 860 1288 eo
875 1223 1057 1305 suspicione.
1091 1221 1168 1286 Cum
1188 1223 1256 1288 eins

184 1325 266 1393 filius
287 1328 364 1394 iuris
385 1328 463 1403 tum,
485 1330 520 1393 ut
544 1327 662 1410 opinor,
684 1329 861 1394 antecessor
876 1327 1020 1394 Halensis
1042 1332 1097 1394 ant
1119 1330 1254 1394 lenensis

183 1433 264 1498 iuter
285 1453 311 1499 a.
337 1435 418 1499 1840
440 1438 472 1501 at
503 1435 583 1498 1848
612 1433 742 1500 Hauniae
764 1453 814 1498 me
844 1435 1011 1501 salutasset
1043 1438 1075 1500 et
1106 1434 1183 1500 mihi
1216 1435 1255 1500 de

183 1541 280 1622 patris
303 1542 404 1606 ¹rebus
434 1541 583 1624 quaerenti
613 1541 768 1605 narrasset
796 1559 875 1618 eum,
899 1559 1086 1623 quamquam
1109 1523 1198 1607 aunis
1220 1543 1254 1606 et

184 1645 338 1712 oculorum
361 1647 539 1713 valetudine
567 1649 765 1730 premeretur,
793 1647 898 1712 tamen
928 1652 1051 1712 strenue
1079 1647 1111 1711 in
1141 1649 1256 1714 studiis

183 1751 285 1818 virere
319 1756 351 1819 et
389 1773 458 1819 cum
498 1754 628 1819 maxime
660 1751 770 1818 Dionis
803 1753 902 1818 Cassii
935 1752 1101 1818 editionem
1136 1772 1251 1835 parare,

182 1859 244 1924 dini
267 1877 316 1926 me
339 1878 375 1925 ex
397 1860 539 1944 diligenti
558 1861 623 1926 eins
639 1859 797 1940 scriptoris
811 1859 944 1924 lectione
959 1860 1121 1925 annotatas
1139 1861 1254 1924 habere

184 1965 412 2032 emendationes
446 1967 573 2051 aliquot,
610 1965 758 2050 quasdam
793 1965 887 2031 etiam
919 1967 1009 2049 paulo
1041 1964 1252 2043 notabiliores;

182 2090 234 2138 eas
266 2091 316 2137 me
350 2093 385 2138 ex
417 2072 600 2138 adversariis
629 2071 661 2138 in
684 2072 854 2138 chartulam
878 2072 1092 2156 transscriptns
1115 2075 1169 2137 aut
1191 2071 1254 2154 ipsi

182 2177 328 2243 daturum
360 2180 414 2244 aut
444 2197 498 2262 per
529 2178 648 2244 litteras
678 2178 717 2243 ad
745 2179 864 2261 patrem
888 2180 953 2244 eius
977 2177 1160 2255 missurnm3
1181 2181 1254 2245 ntro

182 2283 301 2349 deinde·
324 2286 413 2351 modo
449 2286 679 2357 transmiserim,
712 2304 771 2351 uon
806 2283 944 2357 memini,
975 2287 1131 2352 transmisi
1161 2291 1254 2352 certe.

181 2389 260 2456 Oum
303 2391 407 2475 aliquo
449 2394 589 2474 tempore
631 2393 702 2474 post
738 2391 878 2456 editionis
919 2391 1115 2458 Bekkeriauae
1152 2411 1254 2457 exem·

181 2497 267 2588 plum
290 2499 328 2563 ab
356 2499 423 2581 ipso
457 2498 575 2565 editore
608 2497 751 2562 benevolo
789 2497 917 2562 missum
943 2481 1150 2580 'accepissem
1188 2498 1251 2564 vidi

182 2603 313 2670 libenter
334 2603 565 2671 emendationes
587 2623 605 2669 c
627 2622 677 2668 me
698 2601 730 2666 in
752 2601 944 2686 adversariis,
967 2622 1034 2686 qnae
1057 2604 1250 2670 etiamnunc

182 2728 267 2776 servo
288 2711 457 2794 amicisque
481 2713 513 2777 et
535 2712 603 2776 lum
626 2713 658 2774 et
679 2713 786 2793 postea
808 2708 939 2802 ostendi,
953 2711 1138 2792 perscriptas
1153 2728 1249 2791 prope

181 2833 286 2882 omnes
308 2816 419 2882 iisdem
444 2816 536 2900 plane
557 2815 672 2882 litteris
694 2835 712 2880 a
735 2814 875 2880 Bekkero
895 2814 927 2878 in
944 2816 1089 2881 contextu
1103 2816 1249 2885 orationis

180 2923 297 3005 positas
329 2941 404 3001 esse,
437 2924 553 2989 multas
586 2923 732 2989 asterisco
767 2926 899 2999 notatas,
930 2917 990 2987 hoc
1024 2923 1080 3000 est,
1115 2923 1153 2986 ab
1182 2921 1253 3004 ipso

181 3029 318 3094 Beklrero
349 3029 443 3094 antea
473 3029 623 3102 iuventas,
646 3029 722 3094 alias
753 3028 818 3093 sine
846 3027 912 3121 ulla
933 3030 1007 3093 note
1030 3028 1189 3111 tamquam
1211 3028 1252 3093 ab

180 3134 249 3201 ullis
270 3137 425 3218 sumptas;
450 3153 484 3199 or
507 3133 555 3200 his
576 3134 736 3201 nonnullas
758 3137 790 3201 et
806 3135 894 3201 laoile
910 3136 1001 3201 credo
1016 3138 1047 3201 et
1062 3135 1128 3218 ipse
1143 3138 1260 3216 postea..

180 3241 383 3308 animadverti
418 3240 457 3305 ab
492 3241 584 3318 aliia
611 3240 742 3307 maximo
780 3242 912 3322 Reislrio,
957 3259 1023 3307 csse
1060 3242 1250 3323 praeoptem

180 3348 298 3431 aliquot
320 3349 523 3423 etiamnunc,
545 3346 603 3411 etsi
625 3346 710 3412 nulla
730 3366 860 3432 usquam
882 3348 942 3413 mel
965 3349 996 3413 ln
1019 3347 1147 3412 Beklreri
1171 3366 1249 3429 prae·

179 3455 292 3519 latione
324 3451 442 3518 mentio
474 3453 556 3518 laeta
589 3455 647 3530 ost,
677 3455 755 3519 mihi
777 3474 845 3521 meo
868 3454 933 3519 iure
956 3452 1110 3518 vindicare
1132 3452 1248 3524 videor,

179 3560 266 3626 velut
286 3557 399 3638 xliii,
422 3559 463 3622 38
485 3560 717 3646 περινῆσαι
740 3579 794 3642 pro
817 3561 979 3644 ἐρανίσαι.

278 3664 321 3731 Iis
344 3684 426 3731 nnnc
447 3665 604 3746 pauculas,
627 3685 703 3750 quas
725 3666 836 3732 iterata
857 3666 949 3731 lectio
971 3667 1025 3732 aut
1040 3662 1249 3746 pervolutatio

176 3773 342 3856 suggessit,
366 3772 461 3838 addo:

103 3875 105 3880 ⁸
280 3890 402 3975 Fragm.
425 3909 451 3955 o.
473 3890 525 3974 39,
548 3891 567 3954 3
590 3908 619 3971 p.
642 3891 682 3972 36
707 3890 811 3965 Bello..
834 3889 949 3974 Velio:
978 3884 1030 3954 du
1054 3893 1086 3954 oi
1114 3891 1248 3974 Ταρασ-

179 4009 283 4071 atuor,
313 3998 434 4080 καίπερ
478 3993 540 4062 cdv
580 3988 735 4081 πόλεμον
774 3989 871 4063 udrol
912 3989 1247 4082 παρασκευάσαντες,

176 4097 271 4188 ὅμως
295 4108 332 4170 ἐν
354 4107 459 4191 σκέπῃ
484 4102 634 4189 φαβριόα
655 4093 751 4188 ἦσαν·
775 4107 807 4170 ol
828 4099 893 4192 γαρ
919 4096 1192 4188 ‘Perpetuam
1216 4104 1245 4167 λ.
