3008 4650
306 282 347 346 ω
681 281 922 352 mmmm

265 481 413 556 tamen,
457 484 500 548 nt
538 486 632 548 ente
667 482 769 558 dixi,
812 499 885 545 non
921 478 1061 556 eiicio;
1107 482 1170 544 ost
1213 477 1333 555 enim,

262 573 434 652 ¹etiamsi
474 589 606 654 miuus
650 586 929 654 necessarium
972 584 1019 648 ad
1055 585 1155 650 bene
1194 583 1334 649 dicen·

266 690 376 772 dum,
409 695 542 761 tamen
574 696 621 760 ad
653 692 978 779 cognoscendam
1007 709 1081 756 non
1111 689 1333 756 illiberale.

266 797 315 863 lit
347 802 594 867 exercitatio
626 800 803 885 quadam
836 796 1102 881 suscipienda
1132 798 1242 863 vobis
1272 799 1335 863 est

266 907 325 970 cet.
373 908 514 991 Apparet
545 906 612 986 hoc,
645 909 728 991 qnod
763 906 802 972 de
836 904 1054 972 exercitatione
1082 904 1206 983 dicitnr,
1237 922 1334 986 neque

265 1015 347 1079 recte
367 1015 519 1096 particula
540 1017 579 1080 et
599 1015 737 1100 adiungi,
766 1012 848 1096 qaod
876 1012 940 1078 iam
966 1011 1021 1076 alii
1043 1014 1212 1086 senserunt
1233 1029 1334 1094 neque

265 1118 343 1184 satis
375 1121 559 1204 respondere
591 1121 808 1205 superioribus,
840 1121 872 1184 in
902 1118 1015 1202 quibus
1045 1116 1084 1182 de
1111 1119 1175 1182 toto
1204 1115 1334 1182 artificio

266 1225 310 1290 sic
331 1224 454 1300 dicitur.
483 1229 521 1292 ut
545 1227 596 1294 hic
617 1231 650 1294 et
669 1228 893 1310 preceptorum
915 1225 948 1290 et
970 1222 1197 1290 exercitationis
1217 1223 1334 1288 mentio

266 1335 466 1412 exspectetur.
523 1334 620 1400 Valde
642 1336 782 1417 suspicor
801 1334 895 1400 verba
916 1331 1060 1415 quadam
1081 1331 1239 1408 excidisse,
1262 1348 1334 1395 cnm

265 1434 370 1502 Cicero
392 1439 432 1504 ad
453 1439 532 1505 banc
552 1440 684 1506 formam
705 1441 895 1524 scripsisset:
931 1477 965 1487 -
1002 1458 1076 1504 non
1107 1437 1332 1503 illiberale.

265 1545 451 1629 <ltaque
473 1548 513 1611 et
532 1549 732 1631 praecepta
753 1548 1007 1628 tractanda>
1023 1547 1062 1611 et
1083 1542 1334 1610 exercitatio

265 1652 441 1733 quedam
475 1653 740 1737 suscipienda
770 1654 888 1720 vobis
910 1653 983 1718 cst.
1047 1653 1092 1716 De
1123 1651 1201 1733 ipsis
1231 1648 1333 1715 verbis

264 1755 343 1822 nihil
364 1778 414 1825 mo
435 1759 588 1826 affirmare
610 1780 669 1827 non
693 1762 742 1827 est
762 1779 837 1844 opns
859 1761 969 1837 dioi.*)

212 1971 216 1980 ι
364 1883 444 1948 Ibid.
485 1885 561 1949 198:
603 1885 749 1969 Itaque
786 1888 828 1951 nt
864 1885 967 1967 apud
1004 1883 1161 1949 Grecos
1196 1877 1334 1945 infimi

264 1986 449 2055 homines
478 2036 518 2054 ..
547 1991 767 2058 ministros
800 2009 840 2056 se
873 1991 1055 2073 prebent
1086 1991 1125 2054 in
1158 1986 1333 2053 indiciis

317 2262 344 2330 *)
363 2261 441 2327 Quod
468 2262 546 2316 initio
573 2264 655 2318 haias
682 2263 770 2318 libelli
798 2261 854 2316 dixi
872 2278 915 2317 me
935 2263 1082 2331 aliquoties
1100 2262 1129 2316 in
1148 2259 1333 2316 Ciceronianis

363 2357 480 2412 maxime
506 2357 742 2412 emendationibus
769 2356 914 2424 facturum,
942 2363 973 2410 nt
991 2356 1184 2411 admonitionis
1203 2369 1287 2409 cansa
1304 2353 1333 2406 in

365 2451 487 2519 margine
506 2451 708 2521 interponerem
727 2451 933 2518 correctionem,
952 2466 1034 2518 qnam
1053 2450 1185 2519 cumipse
1198 2448 1332 2514 iecissem,

363 2549 462 2613 postea
489 2544 524 2599 ab
552 2543 615 2599 aliis
644 2551 814 2615 occupatam,
841 2544 890 2600 sed
919 2561 936 2598 a
962 2543 1160 2599 recentissimis
1182 2533 1332 2597 editoribus

364 2638 519 2707 neglectam
536 2639 729 2709 repperissem,
746 2639 805 2693 eius
818 2639 860 2692 rei
878 2638 1032 2707 exemplum
1050 2638 1143 2692 statim
1160 2636 1206 2690 hic
1223 2649 1332 2705 ponam.

364 2730 434 2786 Nam
459 2731 492 2787 de
510 2731 558 2786 lib.
577 2733 600 2800 1,
624 2733 676 2788 134
701 2734 762 2788 haec
789 2731 966 2802 scripseram:
997 2731 1165 2800 ,studium
1186 2735 1219 2782 et
1237 2726 1332 2781 ardo-

364 2841 432 2880 rem
459 2826 623 2895 quendam
650 2827 788 2893 amoris,
817 2827 893 2880 sine
920 2841 987 2894 qno
1011 2841 1082 2878 cum
1101 2824 1135 2877 in
1153 2822 1224 2876 vita
1242 2819 1331 2874 nihil

364 2917 545 2986 quidquam
572 2921 758 2988 egregium,
786 2925 853 2972 tum
882 2927 974 2974 certe
1003 2919 1075 2985 hoc,
1103 2914 1194 2985 quod
1220 2921 1256 2968 tu
1281 2930 1332 2967 ex·

362 3011 467 3080 petis,
486 3029 580 3067 nemo
599 3028 752 3079 nmquam
772 3019 986 3082 assequetur.
1026 3011 1140 3066 Etiamsi
1157 3009 1222 3064 ferri
1239 3013 1335 3078 posset

363 3103 438 3174 apud
457 3104 615 3159 Ciceronem
644 3106 731 3159 nihil
757 3105 935 3175 quidquam
952 3122 1002 3176 pro
1021 3105 1109 3159 nihil
1127 3106 1180 3158 boc
1198 3118 1253 3156 uno
1271 3101 1334 3154 loco

362 3197 491 3265 positum,
520 3203 612 3252 temen
636 3199 735 3253 vitiose
754 3199 790 3253 ad
806 3201 884 3270 prius
903 3200 1052 3254 membrum
1072 3215 1105 3253 ex
1123 3195 1253 3251 inferiore
1272 3193 1333 3247 loco

364 3289 405 3344 sic
431 3291 617 3346 retraheretur
644 3308 752 3360 nemo,
781 3299 812 3346 ut
832 3311 866 3348 ex
885 3308 917 3349 eo
935 3292 1133 3359 intelligeretur
1151 3289 1334 3358 quisquam

363 3384 407 3450 (-·
426 3383 507 3453 longe
534 3384 604 3439 enim
632 3385 720 3455 aliter,
746 3385 920 3454 praecedente
947 3402 1053 3453 nemo,
1081 3391 1144 3453 post
1171 3380 1334 3448 intelligitur

362 3477 438 3532 notio
458 3475 621 3533 affirmativa
640 3480 694 3548 -),
714 3495 775 3534 cum
792 3480 947 3550 praesertim
966 3485 1025 3534 tota
1043 3477 1176 3533 orationis
1195 3479 1333 3528 structura

363 3570 490 3626 ostendat
503 3568 661 3627 Ciceronem
679 3587 759 3626 sunm
778 3573 887 3642 utrique
905 3572 1026 3628 membro
1046 3571 1198 3626 subiectum
1217 3565 1333 3630 dedisse,

362 3663 456 3732 priori,
475 3663 547 3731 qnod
567 3665 703 3719 obiectum
718 3667 805 3721 habet
818 3681 931 3735 negans,
946 3665 1145 3729 affirmativum,
1158 3661 1246 3725 alteri,
1259 3655 1333 3727 d¹1⁰d

365 3756 502 3810 obiectum
529 3757 613 3812 habet
641 3757 840 3828 affirmativum,
865 3775 982 3829 negans:
1011 3759 1082 3813 sine
1111 3772 1175 3827 quo
1203 3769 1272 3808 cum
1299 3751 1333 3804 in

362 3848 436 3903 vita
468 3849 558 3904 nibil
595 3849 774 3921 quisquam
806 3853 993 3922 egregium,
1028 3858 1096 3905 tum
1133 3853 1228 3904 certe
1263 3845 1333 3910 hoc,

364 3940 455 4008 quod
473 3949 508 3996 ta
527 3945 673 4012 expetis,
692 3960 789 4000 nemo
809 3961 964 4013 nmquam
983 3939 1217 4012 assequetur.“
1253 3938 1334 3993 Nunc

364 4049 382 4088 a
409 4035 537 4104 Siesbyeo
571 4036 721 4092 admoneor
747 4038 861 4093 eandem
889 4037 1104 4094 emendationem
1134 4037 1168 4091 ab
1199 4031 1331 4088 Huldrico

358 4126 438 4195 apud
456 4127 597 4198 Orellium,
616 4129 714 4186 deinde
734 4131 768 4186 ab
787 4131 879 4200 Ieepio
898 4130 999 4186 iactam
1017 4145 1086 4186 esse.
