3008 4650
568 296 706 351 Ciceronis
726 296 835 351 Orator.
1156 297 1193 360 97

159 494 244 559 illud
270 493 410 573 mirarer,
432 494 492 559 nisi
514 493 622 558 mirari
644 493 802 574 desissem,
833 512 887 558 cur
914 492 946 557 in
969 492 1115 574 proximis
1137 491 1237 558 verbis

158 619 358 666 summum
382 619 470 666 esee
492 600 562 668 tolli
584 619 653 665 eum
678 599 785 666 Balio
799 597 938 666 voluerit.

270 718 419 785 Ibidtl:
442 718 521 783 Nee
542 737 635 784 vero
657 717 943 803 utetur(oretor)
961 718 1237 802 imprudenter

159 825 237 890 hae
260 825 390 906 copie,
423 824 491 890 sed
523 823 654 890 omnia
683 824 880 908 expendet
909 826 947 890 et
970 825 1137 910 seliget3
1162 846 1235 892 non

158 933 269 998 euim
305 950 459 1015 semper
493 949 562 996 nec
595 930 632 994 in
665 930 999 997 omnibusceusis
1021 951 1064 998 ex
1086 932 1235 998 eisdem

162 1039 495 1123 argumentorum
524 1040 720 1103 momente
742 1038 842 1102 sunt.
881 1038 964 1103 Dure
987 1040 1089 1104 omitti
1111 1039 1236 1105 videtur

164 1144 284 1219 locis;
307 1143 362 1208 scd
383 1146 508 1225 grauius
531 1142 667 1222 offendit,
689 1144 780 1226 quod,
797 1145 833 1208 ut
848 1163 929 1209 nuno
942 1144 1034 1211 verbe
1050 1146 1234 1223 scribuntur,

155 1253 419 1335 argumentorum.
459 1252 614 1314 momente
657 1269 693 1316 er
735 1251 810 1316 locis
853 1269 920 1317 esse
966 1249 1127 1331 dicuntur,
1178 1273 1234 1320 neo

157 1357 287 1422 omnino
335 1356 481 1438 apparet,
532 1375 591 1439 quo
640 1357 862 1422 momentorum
911 1376 1021 1423 nomen
1068 1361 1234 1441 pertineat.

161 1462 248 1542 Quid
269 1463 484 1544 requireretur,
508 1467 645 1529 senserat
665 1464 727 1528 iem
752 1463 856 1545 ulique
877 1482 914 1529 er
936 1466 1023 1547 perte
1046 1467 1233 1544 Lambinus3

163 1569 358 1635 scribendum
385 1570 468 1634 enim
490 1570 555 1636 sine
579 1569 671 1635 dubio
694 1570 755 1634 est:
788 1586 860 1635 non
892 1571 992 1635 enim
1016 1590 1171 1654 semper
1194 1621 1201 1638 .
1225 1621 1233 1638 .

156 1674 1011 1758 -exeisdem<lociseudem>ergumentorum
1034 1683 1234 1746 momente

159 1782 264 1848 snut.
322 1785 521 1865 Argumenta,
555 1801 623 1865 quae
657 1801 692 1846 ex
719 1782 834 1847 eisdem
869 1782 945 1848 loeis
978 1783 1138 1864 ducentur,
1172 1806 1233 1853 non

161 1907 285 1970 semper
317 1888 400 1953 idem
434 1887 584 1953 momenti
617 1889 728 1953 hebere
762 1888 846 1967 dicit,
880 1890 936 1955 sed
958 1890 1050 1955 modo
1071 1891 1232 1975 gravioris,
1274 1929 1278 1935 ·

157 1995 254 2060 modo
277 1993 402 2060 levioris
423 1992 566 2078 ponderis
588 2013 664 2060 esse.
698 1994 811 2060 Oculus
833 1996 951 2062 librarii
972 1997 1004 2062 in
1027 1998 1176 2064 eisdem
1200 2000 1234 2064 et

157 2101 299 2168 eedem
321 2101 483 2167 aberravit.

264 2207 341 2276 lbid.
365 2208 420 2272 57:
454 2208 521 2274 sed
543 2207 617 2272 ille
639 2208 680 2286 (in
704 2207 834 2274 dicendo
857 2210 988 2289 centus),
1011 2229 1123 2293 quem
1147 2213 1231 2298 sig·

38 2302 42 2310 ’
160 2313 316 2380 ‚nificat
348 2314 637 2380 Demosthenes
673 2314 712 2378 et
743 2313 970 2393 AEsohines,
1007 2335 1091 2382 cum
1127 2320 1233 2384 alter
1311 2321 1313 2328 '

159 2420 289 2486 elteri
312 2421 459 2487 obiieit
481 2420 590 2487 vocis
611 2420 827 2496 flexionem
851 2420 955 2486 dicit
976 2423 1230 2504 plureetiem

160 2527 457 2594 Demosthenes
478 2528 676 2608 illumque
698 2545 799 2607 seepe
823 2526 924 2592 dicit
945 2546 1040 2593 uoce
1062 2530 1171 2596 dulci
1193 2532 1232 2597 et

157 2634 276 2699 olere
297 2633 437 2702 luisse.
482 2633 617 2700 Verbum
642 2631 746 2696 dicit
771 2650 863 2713 quum
881 2633 964 2698 esset
981 2652 1118 2716 pravum,
1135 2638 1232 2702 sensit

165 2739 323 2806 limestius
345 2740 475 2824 tollique
499 2740 635 2816 volebet;
658 2739 767 2818 lortius
791 2739 956 2822 [leyserus
972 2743 1007 2805 ut
1022 2741 1148 2815 solebat,
1164 2743 1231 2809 haec

157 2843 281 2912 omnis:
316 2845 417 2912 dicit
445 2847 561 2930 plura
590 2891 690 2908 ....
723 2844 853 2910 luisse
885 2846 1013 2922 notavit,
1040 2850 1130 2915 -unde
1164 2853 1231 2936 orte

159 2953 276 3028 essent,
296 2952 374 3016 nibil
389 2971 506 3020 eureus.
540 2950 700 3016 Ernestius
722 2951 837 3035 quique
858 2953 913 3018 elii
938 2953 1040 3020 locum
1062 2955 1231 3037 tentarunt,

157 3060 258 3142 ceput
272 3058 341 3123 vitii
356 3077 417 3124 nou
433 3059 613 3143 attigerunt,
629 3057 710 3140 quod
732 3059 880 3125 vocabulo
903 3061 1019 3142 plura
1040 3060 1237 3140 continetur,

163 3182 264 3248 neque
301 3164 382 3230 enim
418 3165 488 3230 uter
519 3166 622 3230 orator
653 3163 785 3230 alterum
818 3166 998 3248 probrorum
1031 3169 1231 3236 multitudine

157 3272 348 3354 superesset,
382 3271 576 3337 dinumerare
608 3269 748 3336 Oioeroni
775 3270 807 3335 in
835 3274 971 3338 mentem
1001 3275 1151 3356 veniebat,
1176 3277 1230 3342 sed

157 3378 320 3461 singulare
341 3378 466 3461 aliquod
482 3376 701 3443 Demosthenis
722 3378 893 3444 convicium
918 3379 951 3443 in
966 3379 1144 3447 AEsohinem
1158 3401 1230 3448 eon-

161 3484 279 3549 ieotum
300 3485 429 3552 noterit.
485 3482 655 3568 scripserat
676 3483 776 3549 enim:
809 3484 1060 3551 alteralteri
1083 3487 1231 3556 obiicit

160 3591 275 3656 eoois
317 3589 538 3668 flexiones,
582 3589 723 3658 AElsehini
760 3589 893 3676 plorare
929 3590 1051 3655 etiem
1086 3592 1229 3660 Demo·

159 3695 347 3777 sthenes,
380 3695 556 3782 significans
588 3697 806 3763 Demosthenis
834 3695 945 3772 locum,
972 3697 1032 3780 ‘qui
1061 3701 1163 3764 exstet
1190 3698 1230 3766 de

158 3802 231 3868 Gor.
261 3803 337 3867 287:
373 3804 415 3890 τῇ
452 3803 547 3893 φωνῇ
586 3797 757 3889 δακρύειν.
814 3801 952 3868 Priorem
988 3803 1138 3887 syllabam
1173 3825 1230 3873 no·

159 3908 258 3975 minis
291 3907 471 3977 AEschini
503 3909 607 3977 hausit
635 3908 813 3977 terminatio
845 3910 927 3976 uocis
956 3909 1157 3991 precedentis
1179 3930 1228 3980 es.

159 4013 284 4080 Deinde
317 4015 369 4080 rin
400 4014 490 4082 credo
523 4015 699 4082 ciceronem
732 4017 839 4082 contre
866 4017 1027 4082 veritatem
1061 4018 1229 4100 scripsisse,

157 4139 265 4203 saepe
298 4141 316 4186 e
347 4121 555 4188 Demosthene
587 4123 740 4189 AEschinis
773 4141 878 4190 vocem
911 4122 1032 4202 dulcem
1062 4124 1095 4187 et
1116 4123 1232 4190 clarem

1015 4241 1031 4295 'r'
