3008 4650
502 304 641 359 Ciceronis
661 303 694 358 de
713 310 821 360 oratore
840 305 888 358 lib.
907 305 943 358 11.
1176 307 1215 368 91

189 503 261 568 hoo
282 519 429 585 genere
450 519 551 582 saepe
573 503 659 584 ipse
680 501 782 578 vidi,
805 522 888 568 cum
916 519 1142 585 expersoua
1168 503 1259 569 milri

186 607 1259 691 ardereoculihominishistrionisviderenturspon-

188 715 299 781 dalia
320 715 398 780 illa
421 712 616 780 dicentis:
640 713 865 799 Segregare
887 715 956 780 abs
977 718 1014 778 te
1036 716 1170 780 ausu’s
1193 717 1259 780 aut

189 821 275 886 sine
310 820 384 886 illo
416 819 622 885 Salamina
654 820 838 902 ingredi?
880 821 1017 904 Neque
1048 823 1256 903 paternum

186 929 393 1011 aspectum
418 945 458 992 es
479 928 659 992 veritus?
703 927 830 992 Frustra
852 926 891 992 ad
913 926 972 994 hoc
987 946 1093 992 omnes
1109 927 1259 993 machinae

186 1034 322 1099 admotae
358 1037 438 1104 suut,
476 1035 512 1098 ut
547 1033 665 1116 aliquid
702 1034 862 1100 tolerabile
904 1033 1077 1099 efficeretur
1109 1052 1145 1098 ex
1181 1033 1259 1099 miro

186 1140 445 1223 spondalium
479 1141 637 1220 vocabulo,
672 1141 752 1223 quod
784 1159 883 1224 neque
905 1139 1126 1205 derivationem
1148 1141 1260 1221 proba·
1380 1201 1382 1204 .

188 1247 284 1312 bilem
317 1265 415 1331 neque
447 1245 707 1330 significationem
739 1245 803 1311 ulla
838 1250 986 1328 exparte
1015 1249 1121 1328 aptam
1155 1245 1257 1312 habet,
1325 1283 1327 1286 ·

187 1372 287 1436 neque
320 1351 488 1436 corrigendi
523 1354 649 1418 conatus
683 1351 788 1419 felices
824 1352 958 1418 luerunt.
1008 1351 1138 1418 Attendi
1164 1352 1260 1418 uelim

191 1459 336 1524 orationis
358 1460 491 1524 colorem
514 1461 546 1524 in
567 1459 622 1524 illo
656 1459 832 1525 hominis
865 1458 1103 1534 histrionis3
1138 1458 1259 1524 adiecto

193 1568 273 1632 enim
296 1565 395 1649 priore
416 1566 561 1631 uocabulo
583 1586 671 1649 paene
687 1565 888 1647 contemptim
905 1564 1095 1650 significatur
1108 1567 1138 1629 in
1155 1567 1258 1630 tennis

188 1671 378 1738 condicionis
411 1672 536 1737 homine
569 1676 600 1738 et
632 1674 670 1738 ab
703 1674 770 1756 ipsa
798 1672 930 1738 veritate
951 1673 1041 1754 longe
1062 1672 1180 1736 remoto
1203 1672 1259 1737 hoc

187 1780 343 1856 accidere3
374 1778 482 1843 eodem
509 1781 653 1861 pertinet,
688 1780 770 1861 quod
795 1781 851 1844 sub
872 1777 927 1842 illo
950 1779 1163 1860 spondalia
1184 1780 1261 1844 latet

188 1885 318 1951 adrem
340 1885 565 1968 exprimendam
589 1886 803 1970 aptissimum3
832 1903 957 1968 prorsus
981 1885 1061 1948 enim
1085 1884 1258 1951 Ciceronem

190 1991 349 2075 scripsisse
371 1993 463 2075 puto:
486 1993 629 2079 sponte
652 1992 790 2060 aliena
811 1992 887 2058 illa
910 1989 1099 2057 dicentis.
1123 1988 1261 2055 Nonsua

195 2100 312 2181 sponte,
335 2098 390 2164 sed
411 2097 512 2163 aliena
535 2099 590 2164 illa
612 2099 737 2166 dicebat
758 2099 878 2170 histrio,
902 2117 920 2162 a
941 2099 1032 2179 poeta
1054 2097 1113 2162 sibi
1135 2096 1175 2162 ad
1196 2096 1260 2162 elo·

189 2204 349 2287 quendum
372 2205 452 2271 data.
507 2206 652 2270 Aliena
685 2210 827 2287 sponte
847 2205 966 2270 dicero
1000 2203 1078 2269 dixit
1104 2203 1198 2268 etiam
1224 2203 1260 2268 de
1379 2225 1382 2231 ’

194 2311 288 2396 Legg.
312 2313 335 2385 l,
358 2314 409 2379 45.
464 2311 511 2377 111
533 2313 601 2396 quis
624 2312 760 2378 aliena
782 2314 924 2394 sponte
947 2309 1142 2377 scribendum
1165 2310 1261 2374 fuisse

193 2420 292 2499 putet,
314 2419 423 2484 eodem
446 2420 550 2485 ordine
573 2419 609 2483 de
633 2420 698 2484 111.
722 2419 763 2497 11,
787 2421 827 2482 80
850 2419 993 2484 scribitur
1016 2417 1158 2498 sponte
1181 2433 1259 2480 sua.

293 2583 370 2648 ibid.
395 2584 469 2647 214:
491 2584 781 2667 Argumentum
805 2582 908 2647 enirn
932 2581 1037 2646 ratio
1059 2580 1147 2663 ipsa
1170 2597 1261 2645 con·
1372 2611 1374 2616 ·

192 2687 348 2763 firmat.
378 2692 455 2766 cui,
486 2689 734 2771 simulatque
764 2687 952 2753 emissum
983 2689 1058 2758 est,
1083 2685 1260 2751 adhaere-

193 2796 290 2872 scit;
322 2797 428 2862 illud
461 2798 593 2863 autem
626 2814 750 2880 genus
781 2794 982 2859 orationis
1014 2811 1089 2857 non
1123 2792 1260 2875 cogni-

195 2903 346 2968 tionem
374 2902 542 2977 iudicis,
576 2903 643 2968 sed
675 2901 804 2985 magis
826 2899 1176 2982 perturbationem
1198 2917 1260 2963 re·

193 3009 327 3090 quirit
354 3012 412 3077 cet.
467 3009 693 3076 Perturbationi
717 3027 775 3074 non
799 3007 932 3090 cognitio
955 3005 1105 3071 contraria
1126 3006 1183 3083 est,
1208 3005 1260 3070 sed

196 3116 341 3199 cogitatio
374 3119 465 3200 atque
498 3115 615 3193 eadem,
650 3135 717 3199 quae
751 3115 886 3198 proxime
916 3114 1075 3178 nominata
1102 3115 1157 3186 est,
1181 3112 1260 3204 ratio

192 3224 287 3304 atque
309 3222 510 3307 ratiocinatio.
555 3223 707 3304 Scriptum
731 3221 828 3304 igitur
850 3221 915 3285 eine
932 3219 1026 3284 dubio
1048 3219 1163 3284 luerat:
1186 3238 1260 3283 uon

194 3328 424 3411 cogitationem
456 3328 622 3402 iudicis,
657 3327 726 3392 sed
759 3327 885 3410 magis
908 3326 1260 3408 perturbationem

194 3435 389 3516 requirit,
423 3454 458 3500 eo
492 3436 618 3518 quidem
649 3434 759 3518 magis,
793 3435 874 3516 quod
901 3433 933 3497 11
956 3432 1056 3496 iudice
1080 3430 1260 3514 cognitionis

195 3540 375 3606 voca-bulum
397 3541 459 3607 alio
481 3541 623 3626 pertinet.

296 3707 737 3784 11111.116;1111111111,
761 3701 1260 3789 quaeautoon'ciliationis

193 3832 313 3880 causa
362 3813 517 3880 leniter
568 3816 636 3879 aut
685 3813 953 3896 permotionis
1003 3809 1261 3876 vehementer

194 3924 385 4004 aguntur,
419 3920 640 3986 contrariis
677 3919 1015 3986 commotionibus
1049 3917 1262 3982 inferenda

195 4029 303 4102 sunt,
327 4024 1092 4104 utodiobenevolentia,misericordia
1113 4022 1262 4088 invidia

194 4135 381 4200 tollatur.
404 4131 615 4199 Inferendi
636 4135 763 4199 verbum
786 4151 909 4214 prorsus
928 4131 1062 4197 alienum
1078 4149 1146 4196 esse
1160 4129 1261 4195 maui-
