3012 4652
545 303 683 360 Ciceronis
702 304 849 360 orationes.
1136 304 1193 367 149

168 500 303 584 dumque
345 499 397 566 hic
432 499 624 570 iudiciorum
661 504 925 580 alternorum,
970 504 1114 586 quonism
1151 502 1234 568 idem

166 606 331 690 utrumque
352 609 533 674 uocabulum
556 610 720 694 significat,
735 612 835 677 toturn
852 610 995 687 iudicum,
1012 608 1112 692 quiin
1129 608 1235 691 aliqua

167 731 259 780 musa
281 715 390 780 sedent
411 715 562 781 sensurive
584 718 665 797 sunt,
690 735 862 782 numerum.

269 831 346 898 lbid.
370 833 427 898 62:
463 832 605 901 Omnes
640 835 742 901 enim
775 833 1011 900 istiusmodi
1044 835 1152 899 artes
1177 837 1236 911 (rei

167 935 311 1001 militaris
331 955 415 1019 usus,
438 941 622 1024 eloquentia,
645 943 720 1008 iuris
740 940 865 1024 peritia)
888 939 926 1004 in
949 938 1001 1005 iis
1022 941 1234 1024 reprehen-

168 1041 332 1123 duntur,
355 1044 537 1128 qui‚oum
561 1048 739 1132 professi
761 1052 871 1121 sunt,
894 1045 1140 1113 satisfacere
1162 1066 1234 1112 non

166 1151 354 1232 possunt,
378 1170 450 1218 non
473 1153 511 1219 iu
534 1155 604 1235 iis,
628 1153 696 1238 qui
717 1173 757 1220 se
778 1154 935 1219 afuisse
957 1154 1002 1219 ab
1025 1153 1125 1219 istis
1148 1156 1235 1218 stu·

168 1254 249 1322 diis
282 1257 545 1326 confitentur.
591 1260 718 1326 Nemini
746 1280 895 1345 umquam
927 1261 959 1324 in
991 1261 1127 1325 mentem
1151 1259 1236 1325 veuit

168 1366 249 1428 artes
270 1362 341 1430 illas
365 1366 396 1429 in
419 1365 591 1432 candidatis
621 1366 859 1450 reprehendara;
891 1384 997 1431 aarum
1018 1367 1119 1449 inopia
1141 1365 1235 1432 offen·-

169 1469 261 1536 debat
292 1470 324 1536 in
356 1471 407 1546 iis,
441 1473 493 1556 qui
523 1490 574 1538 eas
601 1474 730 1558 professi
753 1476 855 1548 crarta
883 1491 954 1539 uam
977 1473 1057 1556 quod
1079 1472 1235 1538 interdum

168 1577 323 1644 defectum
351 1579 394 1644 rei
423 1597 476 1663 pro
503 1580 572 1664 ipsa
601 1599 632 1646 re
655 1580 803 1665 appellari
828 1578 944 1653 dicunt,
966 1579 998 1643 id
1021 1578 1059 1644 de
1082 1578 1151 1643 aliis
1173 1579 1235 1644 fcr-

168 1685 252 1750 tasse
274 1685 457 1768 quibusdam
472 1685 630 1754 effectibus
645 1688 711 1754 fieri
729 1688 842 1770 potest,
860 1685 1039 1768 reprehendi
1057 1686 1235 1768 eloquentia

168 1792 222 1856 aut
253 1810 303 1857 ara
337 1791 481 1858 militaris
511 1792 544 1858 in
576 1811 623 1872 eo,
653 1795 705 1878 qni
737 1812 804 1859 eam
835 1791 1009 1857 nechabet
1038 1808 1093 1856 nec
1124 1790 1235 1854 habere

168 1897 298 1977 studuit,
321 1899 405 1966 nullo
428 1899 519 1966 modo
541 1902 652 1984 potest.
696 1902 756 1968 Pro
772 1897 1135 1992 reprehenduntur
1158 1904 1235 1976 (re-

168 2004 432 2086 prenduutur)
465 2008 614 2090 scriptum
650 2007 750 2072 fuerat
783 2025 802 2072 a
835 2005 977 2072 Cicerone
999 2004 1235 2090 requiruntur,

169 2112 428 2194 quemadmodum
450 2114 541 2196 paulo
565 2118 633 2195 post
654 2114 810 2198 requiri
835 2113 950 2178 solet.

269 2240 348 2308 lbid.
383 2241 440 2306 98:
484 2244 550 2326 qui
591 2242 834 2319 (sceleratissimi
870 2241 1008 2307 homines
1044 2260 1079 2306 ac
1116 2239 1236 2318 uolani)
1285 2236 1288 2243 '

169 2349 384 2430 autequam
417 2349 462 2416 de
492 2368 574 2415 meo
603 2350 779 2414 adventu
812 2350 952 2414 audire
985 2346 1236 2430 potuissent,

64 2515 77 2540 x
168 2473 254 2519 oum
280 2455 436 2520 tantum
467 2456 659 2522 abessent
685 2455 847 2538 aliquot
873 2455 1026 2520 dierum
1048 2454 1169 2525 riam,
1196 2452 1234 2518 in

85 2553 88 2559 ’
169 2559 445 2626 Macedoniam
468 2561 515 2626 ad
537 2561 826 2644 Planciumque
850 2560 1016 2642 perrexi.
1052 2559 1085 2624 Si
1100 2559 1235 2624 brevitas

168 2665 324 2732 intervalli
346 2669 528 2746 (tanturm)
551 2667 786 2752 significaretur,
809 2687 868 2732 ncu
892 2665 1053 2748 aliquot
1075 2659 1235 2743 diceretur,

168 2773 222 2838 sad
258 2791 479 2855 paucorum.
537 2773 666 2840 Codices
703 2773 774 2839 boni
808 2773 846 2849 (Τ
864 2774 903 2850 Ε)
936 2773 1053 2837 habent
1089 2774 1236 2837 tannen.

169 2879 303 2946 Videtur
320 2881 430 2946 luisse:
454 2898 539 2945 cum
561 2880 658 2946 ctiam
680 2882 748 2946 tum
771 2879 964 2945 abessent
978 2879 1037 2944 cet.

269 3068 332 3135 Pro
354 3069 487 3136 Rabirio
509 3069 594 3136 Post.
617 3072 652 3136 4:
692 3070 772 3136 Hoc
792 3069 867 3134 ille
889 3071 1024 3147 uatus,
1054 3069 1236 3151 quamvis

168 3176 321 3257 patrem
346 3195 456 3242 suum
478 3195 686 3258 numquam
706 3174 882 3251 viderat,
899 3176 1030 3242 tamen
1047 3184 1084 3242 et
1100 3179 1237 3242 natura

167 3283 256 3364 ipsa
291 3282 404 3362 duce,
441 3301 524 3366 queo
561 3282 775 3364 plurimum
813 3282 942 3360 ualet,
980 3283 1019 3346 at
1055 3281 1236 3349 assiduis

169 3388 485 3455 domesticorum
514 3389 769 3455 sermonibus
799 3391 837 3454 in
867 3389 1044 3469 paternae
1066 3388 1156 3452 vitae
1179 3389 1234 3453 si-

168 3493 446 3561 militudinem
481 3495 677 3561 deductus
712 3499 782 3560 est.
831 3493 1046 3558 Certissimum
1078 3495 1125 3559 cst
1148 3494 1236 3560 (lice-

166 3619 346 3667 ronemuon
362 3601 491 3668 dixisses
511 3603 693 3686 quamvis
715 3603 869 3683 patrem
894 3619 998 3664 suum
1023 3618 1235 3683 numquam

166 3706 343 3786 uiderat,
376 3708 431 3774 sad
464 3727 524 3774 non
556 3710 656 3774 minus
677 3709 796 3772 certum
818 3706 973 3771 neminem
995 3705 1153 3771 librarium
1182 3726 1235 3790 prc

167 3832 402 3897 quamquam
426 3861 433 3878 .
457 3860 464 3879 .
487 3815 649 3880 viderat
676 3812 918 3878 substituturum
942 3814 1035 3878 fuisse
1058 3814 1236 3895 quamvis

167 3965 206 3984 ..
240 3919 410 3986 uiderat.
469 3921 599 3987 Accedit
634 3920 674 3986 ad
711 3918 936 3985 dubitationem
974 3919 1234 3996 commovendam,

167 4026 258 4110 quod,
281 4027 307 4092 si
329 4025 435 4094 dicero
457 4028 618 4095 Rabirium
642 4045 748 4109 reapse
770 4027 857 4109 patre
878 4029 999 4091 mortuo
1014 4025 1120 4089 natum
1138 4026 1236 4109 signi·

165 4130 298 4209 ficasset,
326 4133 519 4216 grauioribus
547 4133 578 4197 id
613 4131 715 4198 verbis
743 4137 774 4197 et
803 4133 1011 4202 miserabilius
1034 4132 1089 4195 aut
1110 4130 1160 4197 hic
1182 4137 1238 4196 aut
