3008 4650
491 288 629 344 Ciceronis
648 289 682 344 de
701 295 809 344 oratore
827 289 874 343 lib.
894 291 944 344 111.
1171 291 1209 354 95

185 486 309 551 illatum
346 490 403 570 est,
436 485 645 553 scribendum:
682 487 757 553 illa
792 506 883 554 vero
919 488 1046 554 multo
1081 488 1254 564 acriora,

186 611 267 674 quae
289 597 441 674 ponunt
463 610 568 675 pane
590 594 627 657 in
652 595 872 676 conspeetu
897 595 1035 668 animi,
1065 614 1146 679 quae
1168 615 1252 660 cer·

185 716 276 762 nere
300 702 338 764 et
360 698 498 765 videre
522 719 595 765 non
619 717 847 782 possumus;
876 698 923 766 his
951 701 1032 766 enim
1054 693 1130 784 ipsis
1151 703 1255 768 verbis

184 823 220 870 ea
253 805 475 890 significantur,
510 824 577 889 quae
611 807 649 872 ab
686 807 841 872 oculorum
866 826 956 872 sensu
979 807 1146 884 ducuntur;
1178 808 1254 873 illa

184 910 390 977 oculorum
423 917 454 978 et
487 912 561 978 dure
595 914 626 977 et
654 912 801 980 inusitate
834 914 865 978 in
904 933 1013 996 genere
1051 915 1255 998 significando

183 1020 315 1102 ponitur.
360 1020 456 1084 Recte
478 1017 581 1095 etiarn,
606 1019 722 1102 opinor,
746 1019 841 1087 codex
864 1020 1102 1104 Bambergensis
1125 1041 1142 1084 a
1165 1040 1251 1086 oer-

184 1124 239 1190 tis
262 1125 466 1200 sensibus,
487 1124 518 1189 id
543 1127 600 1203 est,
623 1127 740 1192 suiset
764 1125 944 1208 propriis.*)

655 1408 785 1475 Orator.

284 1575 372 1658 gi&
394 1576 534 1659 itaque
557 1573 673 1640 nobis
695 1574 881 1639 monendi
903 1579 996 1641 sunt
1024 1574 1070 1652 ii,
1095 1595 1250 1658 quorum

184 1701 310 1748 sermo
341 1681 560 1765 imperitus
582 1673 803 1760 increbuit,
834 1681 900 1763 qni
923 1685 990 1747 aut
1017 1680 1098 1746 dici
1129 1702 1167 1748 se
1190 1684 1252 1750 de-

184 1789 369 1855 siderant
390 1787 554 1853 Atticos
584 1790 652 1852 aut
673 1788 752 1870 ipsi
775 1788 915 1853 Attice
937 1789 1080 1853 volunt
1102 1787 1252 1866 dicere,

183 1899 226 1962 ut
248 1896 447 1961 mirentur
467 1893 570 1958 huno
593 1895 775 1971 maxime,
799 1913 872 1977 quo
894 1913 938 1958 ne
960 1893 1139 1959 Athenas
1162 1898 1250 1978 qui·

184 2005 265 2068 dem
289 2001 399 2085 ipsas
420 1999 548 2083 magis
572 1999 688 2066 credo
711 2000 841 2066 luisse
863 2001 1025 2068 Atticas
1049 2003 1106 2067 uei.
1151 2001 1252 2068 Mani-

236 2273 262 2337 *)
281 2273 322 2326 De
341 2271 355 2339 ξ
375 2269 428 2326 174
452 2270 491 2325 sic
510 2277 708 2325 commentatus
727 2287 809 2340 eram,
833 2289 894 2328 cum
913 2272 978 2328 solis
997 2273 1112 2342 Kayseri
1131 2280 1158 2327 et
1180 2274 1253 2329 Hen-

282 2364 412 2419 richsenii
423 2363 554 2432 exemplis
563 2369 667 2418 uterer:
689 2363 855 2433 „Namque
873 2366 945 2420 haec
964 2365 1028 2420 duo
1046 2367 1177 2434 musici,
1197 2369 1251 2435 qui

284 2463 380 2513 erant
398 2455 564 2525 quondam
583 2455 687 2510 iidem
712 2462 834 2526 poetae,
863 2457 1052 2512 machinati
1075 2459 1114 2512 ad
1133 2460 1251 2530 volup·

283 2558 391 2606 tatem
411 2555 500 2612 sunt,
521 2563 654 2603 versum
673 2554 773 2618 atque
793 2554 940 2617 cantum,
969 2556 1005 2603 ut
1024 2557 1056 2604 et
1073 2551 1251 2609 verborum

282 2658 417 2700 numero
454 2648 488 2698 et
523 2659 638 2696 vocum
674 2642 772 2696 modo
805 2643 1041 2698 delectatione
1072 2643 1251 2699 vincerent

283 2738 413 2794 aurium
442 2736 645 2790 satietatem.
692 2736 801 2802 Omitto,
821 2736 849 2790 in
868 2751 923 2804 quo
944 2735 1087 2790 Ernestius
1105 2737 1194 2805 haesit,
1212 2738 1251 2792 in·

283 2846 393 2885 suavem
421 2828 601 2884 ablativorurn
630 2844 804 2897 concursum
832 2835 924 2898 potest
952 2828 1023 2884 enirn
1049 2828 1143 2896 aliquo
1170 2830 1250 2885 modo

284 2923 408 2978 excusari
444 2922 515 2988 (vide
544 2922 661 2978 Gramm.
688 2923 750 2976 Lat.
779 2921 794 2991 ᾖ
822 2920 874 2975 278
903 2937 919 2975 a
948 2920 990 2974 ed.
1016 2924 1100 2992 tert).
1160 2924 1252 2978 Minus

283 3015 409 3070 excusari
436 3019 529 3084 potest
553 3014 792 3070 delectatione
813 3020 877 3083 post
896 3013 964 3068 illud
983 3013 1024 3068 ad
1043 3015 1251 3085 voluptatem

284 3110 372 3164 otiose
392 3107 605 3176 superadditum.
651 3108 724 3162 Illud
742 3107 948 3162 excusationem
967 3123 1022 3160 non
1045 3109 1152 3177 recipit,
1180 3109 1252 3177 quod

282 3201 397 3256 modus
433 3215 554 3254 vocum
585 3200 728 3270 (singulari
759 3201 880 3264 numero)
912 3216 1027 3270 prorsus
1058 3201 1187 3256 inusitate
1218 3203 1252 3257 de

282 3292 415 3348 varietate
434 3299 463 3347 et
480 3299 546 3362 apta
565 3293 762 3362 compositione
781 3293 889 3348 dicitur.
938 3293 1035 3348 Omnia
1061 3291 1150 3348 recta
1164 3300 1252 3362 erunt,

282 3386 304 3439 si
333 3401 368 3440 ex
395 3384 502 3440 duabus
530 3385 641 3440 vocibus
669 3402 751 3440 unam
779 3385 902 3440 effeceris
921 3385 956 3440 ad
975 3401 1033 3440 rem
1052 3386 1252 3455 exprimendam

282 3486 373 3548 aptam
393 3483 421 3533 et
438 3479 637 3534 necessariam:
667 3485 698 3533 et
723 3479 842 3533 uocum
865 3475 1054 3546 modulatione
1071 3479 1252 3533 vincerent

282 3571 416 3626 aurium
436 3571 669 3627 satietatem.“
714 3571 747 3624 ln
772 3570 885 3626 eandem
905 3570 1101 3625 correctionem
1117 3570 1252 3626 inciderat

282 3663 336 3719 iam
354 3662 481 3718 Orellius.
518 3664 533 3733 ἕ
553 3665 613 3733 191,
632 3664 679 3718 ubi
701 3662 791 3718 editur
808 3663 954 3728 iunctio,
974 3662 1172 3717 restituendum
1191 3679 1251 3718 esse

282 3755 492 3820 coniunctio,
526 3764 557 3812 ut
588 3757 668 3812 Tusc.
695 3756 722 3824 I,
750 3755 778 3809 71
811 3771 853 3809 me
880 3753 1043 3809 admonente
1071 3753 1173 3809 factum
1201 3763 1251 3824 est,

283 3849 401 3904 editores
432 3849 636 3905 recentissimos
671 3849 758 3904 codex
787 3847 997 3915 Bambergensis
1030 3848 1175 3904 admonere
1206 3850 1251 3906 de·

279 3942 389 4008 buerat3
414 3941 577 3996 Lambinum
606 3942 685 3996 video
713 3941 897 3996 admonitione
925 3956 980 3994 non
1009 3941 1124 4009 eguisse.
1167 3942 1251 4010 Que-

280 4033 401 4088 stionis
437 4051 490 4090 vox
526 4051 576 4104 pro
614 4035 877 4101 conquestione
909 4051 923 4090 e
956 4035 1033 4088 Bruti
1068 4040 1096 4088 et
1126 4034 1249 4090 Oratoris

281 4127 395 4195 singulis
413 4127 484 4182 locis
502 4127 557 4182 iam
578 4127 687 4182 sublata
706 4133 757 4182 est
