2974 4660
293 249 336 312 m
655 229 917 320 mmmm

253 444 331 508 Rem
365 445 561 512 manifestam
593 448 712 514 faciunt
743 447 776 514 et
802 450 869 514 tots
895 449 1002 523 oratio,
1024 449 1056 512 in
1080 466 1140 530 qua
1162 447 1264 530 agitur
1282 444 1321 510 do

253 549 376 616 decreto
399 553 437 618 ab
460 552 655 620 Androtione
682 554 723 619 ad
751 553 896 636 populum
920 553 958 619 do
980 555 1090 620 senatu
1112 553 1266 620 laudando
1288 559 1322 618 et

253 658 425 724 coronando
448 659 520 734 late,
550 659 582 724 et
612 659 734 728 dativus
762 654 859 749 αὐτῇ,
887 660 955 743 ipsa
983 660 1116 744 denique
1145 660 1317 726 litterarum

252 764 393 846 vestigia.
447 766 617 848 scripserat
639 766 722 831 enIm
743 766 984 834 Demosthenes:
1007 769 1131 834 τοῦτον
1154 761 1320 854 ἐχειροτό-

253 888 356 947 νησεν
389 870 705 958 <ἐιιιιινέτην>
732 867 831 962 αὐτῇ.
887 875 1017 940 Senatus
1050 894 1119 940 eum
1148 875 1249 958 legem
1281 872 1321 938 de

252 969 430 1038 triremibus
464 979 613 1044 faciendis
648 979 833 1055 sustulisset,
866 980 947 1046 hune
975 981 1074 1062 ipsum
1098 980 1320 1046 Androtienem

223 1137 225 1142 ,
252 1078 441 1156 subornavit,
464 1086 516 1168 qui
540 1085 638 1151 nihilo
658 1083 759 1152 minus
792 1087 831 1150 de
863 1105 895 1152 se
926 1086 1081 1152 laudando
1111 1087 1150 1152 ad
1172 1087 1320 1170 populum

251 1183 353 1266 ferret,
387 1206 519 1273 eumque
551 1193 612 1260 sibi
644 1194 833 1258 laudatorem
867 1193 991 1265 creavit,
1024 1213 1058 1258 er
1090 1213 1150 1276 quo
1173 1211 1320 1274 apparere

252 1292 353 1356 orator
384 1293 546 1377 signifieat,
581 1300 646 1364 eius
678 1301 710 1364 in
744 1302 870 1365 tutare
899 1298 1066 1382 praecipuas
1089 1301 1191 1382 partes
1214 1299 1318 1364 fuisse.

252 1395 321 1461 Non
342 1399 436 1466 nImis
458 1404 623 1471 difficulter
644 1409 717 1472 ante
740 1401 828 1492 αὐτῇ
850 1405 965 1471 eroidit
980 1411 1170 1488 ἐπαινέτην.
1220 1405 1319 1470 Unum

252 1503 330 1569 addo
351 1511 507 1590 proprium
537 1530 605 1578 esse
633 1531 742 1578 nomen
774 1517 963 1590 ἑνιαινέιιιν,
994 1513 1139 1596 quoniam
1164 1513 1320 1577 decretum

254 1616 408 1681 ἐπαινεῖν
431 1618 484 1682 καὶ
509 1622 702 1704 στεφανοῦν
724 1616 788 1706 τήν
810 1615 942 1706 βουλήν
963 1620 1096 1686 iubebat.

353 1754 432 1820 lbid.
446 1757 504 1822 33:
519 1761 606 1846 Περὶ
616 1762 808 1846 μὲντοίναν
822 1755 1012 1848 τοῦνόμοα,
1029 1753 1108 1826 καθ’
1119 1752 1321 1844 ὂναίῳληκό-

252 1885 311 1936 τος
344 1860 452 1932 αὐτοῦ
485 1870 547 1933 τοὺ
579 1865 709 1952 πατρός
737 1869 782 1955 τῳ
815 1868 964 1955 δημοσίῳ
992 1862 1149 1954 χρήματα
1180 1868 1234 1932 καὶ
1258 1858 1320 1932 οὐκ

254 1972 459 2046 ἐκτετακότος
481 1970 544 2040 ov’u
568 1981 670 2052 ἔξεστι
694 1978 804 2062 λέγειν
823 1969 901 2042 οὐδὲ
916 1969 1060 2062 γράφειν
1075 1969 1197 2060 τούτῳ,
1213 1973 1319 2040 ταῦτα

254 2080 368 2146 δίκαια
390 2082 500 2168 λέγειν
524 2077 569 2146 ἄν
591 2090 695 2168 ἔχοντα
716 2076 864 2157 εἰκότως,
881 2077 940 2148 sn'o
956 2083 1003 2169 evj
1020 2083 1092 2148 dele
1107 2076 1199 2167 ἡμᾶς
1215 2077 1321 2147 αὐτόν

255 2181 476 2256 ἐνδεικνύναι.
521 2190 590 2255 Non
620 2191 696 2254 haee
718 2189 900 2274 argumenta
926 2188 1037 2272 opponi
1052 2188 1237 2254 Androtieni
1255 2189 1322 2254 suf-

252 2292 338 2377 fugia
372 2296 521 2376 quaerenti
557 2297 709 2377 poterant,
744 2294 888 2378 qnoniam
919 2295 956 2360 de
985 2313 1021 2359 ea
1049 2295 1129 2378 lege,
1165 2294 1320 2377 adquam

254 2417 335 2465 nuno
357 2401 482 2466 demum
505 2402 663 2482 transitur,
693 2401 773 2468 nihil
804 2403 875 2468 ante
899 2401 1016 2467 dietum
1038 2402 1112 2472 erat,
1134 2400 1187 2464 sed
1211 2401 1241 2464 in
1264 2399 1322 2466 hae

253 2505 322 2590 lege
356 2507 464 2574 eadem
497 2510 613 2574 ratione
642 2507 823 2573 Androtioni
845 2507 959 2572 occurri
980 2507 1112 2590 poteret,
1135 2507 1249 2589 quain
1271 2525 1321 2571 su-

252 2614 369 2694 periore
391 2617 492 2680 erator
515 2616 543 2680 ei
565 2619 745 2680 occurrerat.
802 2613 1005 2678 Soribendum
1036 2612 1148 2698 igitur:
1182 2605 1321 2679 eaden*

253 2719 375 2786 diuam.
427 2723 582 2799 (Debebat
610 2722 758 2803 praeterea
783 2721 843 2786 dici
865 2722 919 2784 aut
940 2720 1048 2785 ταῦτα
1071 2713 1114 2783 w*
1139 2720 1263 2800 δίκαια,
1286 2727 1323 2784 ui

253 2826 364 2891 diuam
388 2847 442 2909 pro
465 2827 658 2893 substantivo
682 2829 773 2901 esset,
796 2828 851 2892 aut
872 2826 980 2892 ταῦτα
1005 2827 1160 2903 δικαίως.)

352 2967 472 3046 XXIII,
500 2968 577 3031 142:
608 2973 645 3032 ἐν
674 2965 714 3052 dr)
745 2963 931 3056 Λαμψάκῳ
956 2972 1044 3042 τινὲς
1066 2964 1247 3054 ἅνθρωποι
1270 2969 1322 3054 γί-

253 3098 391 3158 γνονται
406 3067 476 3138 doio·
525 3068 743 3162 Θερσαγόρας
764 3069 861 3161 ὄνομ’
884 3070 987 3163 αὐτῷ,
1011 3082 1145 3160 θατέρῳ
1172 3067 1200 3140 d'
1222 3067 1320 3160 Ἐξή-

253 3205 380 3254 κεστος.
426 3179 501 3258 Quis
522 3200 669 3264 umquam
691 3181 796 3248 inulla
810 3183 916 3269 lingua
931 3185 976 3249 sie
990 3182 1136 3266 loquitur,
1152 3183 1187 3246 ut
1202 3180 1323 3246 duobus

253 3287 435 3373 significatis
457 3287 633 3352 hominibus
664 3291 831 3374 subiungat
853 3290 886 3354 oi
910 3307 1019 3354 nomen
1042 3307 1109 3354 esse
1132 3287 1199 3365 hoo,
1228 3287 1321 3352 elteri

253 3394 340 3472 illud,
364 3415 399 3460 ae
420 3414 478 3459 non
503 3397 547 3460 sid
569 3394 654 3469 dicit,
676 3396 767 3461 alteri
791 3414 901 3460 neman
928 3396 1079 3470 essehoc,
1108 3395 1200 3461 altori
1221 3392 1323 3459 illudi

253 3501 356 3583 Atque
379 3501 417 3564 ad
440 3502 518 3566 hane
539 3501 670 3566 formam
692 3502 815 3584 scripsit
843 3503 938 3567 etiam
964 3501 1204 3567 Demosthenes:
1236 3502 1321 3582 Θερ-

254 3601 399 3694 σαγόρας
422 3602 520 3693 ὄνομ’
543 3601 685 3674 αὐτῶν
707 3609 988 3693 <θάτέρῳ>,
1011 3614 1145 3694 θατέρῳ
1169 3600 1198 3674 d'
1220 3601 1322 3692 Ἐξή-

254 3739 380 3788 κεστος.
424 3715 581 3781 Omissum
609 3735 708 3782 errore
732 3717 864 3781 alterum
887 3720 1020 3800 θατέρῳ
1044 3715 1153 3788 offecit,
1175 3733 1219 3792 u,
1243 3733 1322 3797 quo-

254 3822 336 3885 niam
362 3821 484 3887 dativus
506 3826 611 3906 aperte
635 3821 876 3900 desiderabatur,
904 3821 1043 3888 detracta
1065 3822 1170 3887 littera
1191 3847 1211 3886 ν
1234 3822 1323 3886 fieret

253 3955 356 3996 avvw·

353 4069 465 4148 XXIV,
478 4025 542 4130 ⁸41:
577 4065 654 4142 ὅλος
686 4073 751 4154 μὲν
784 4065 849 4156 γάρ
884 4075 975 4136 ἐστιν
1008 4065 1138 4135 ἅπασιν
1168 4065 1323 4139 ἐναντίος
