3012 4652
292 251 354 318 m
650 253 916 324 mmmm

250 449 440 516 hibetur?
461 451 598 530 Frustru,
620 453 657 516 nt
676 469 760 516 nnnc
780 449 926 516 scribitur
938 449 1033 527 locus,
1048 448 1140 514 huius
1154 444 1317 511 mutantia

250 555 373 621 initium
405 555 602 635 (Ceterum
635 557 901 641 nequicquam
932 554 1109 640 perierit
1138 553 1224 630 ille)
1246 569 1316 618 cum

252 663 333 729 exitu
365 663 491 740 (nulla
524 681 618 729 cora
652 662 886 739 adhibetur)
919 663 1105 747 coniungere
1141 677 1248 726 conere
1284 660 1318 723 et

252 770 440 834 structuram
472 769 607 853 aliquam
641 771 801 836 verborum
836 769 967 836 efficere
1009 769 1107 834 Beata
1128 769 1226 832 oratio
1247 766 1316 839 orit.

252 874 322 949 etsi,
343 873 425 958 quod
446 876 477 940 in
499 875 597 940 Bmto
618 875 777 940 ferendum
801 879 858 954 cst,
875 875 968 958 panlo
983 875 1091 940 durius
1105 872 1318 956 implicatasi

232 980 297 1048 'sic
318 981 547 1065 scripserimus:
569 981 756 1047 (lotorum
776 984 901 1065 <ne>
922 981 1188 1065 nequicquam
1210 978 1318 1062 peri·

254 1088 334 1156 erit
361 1087 451 1167 illo,
479 1087 595 1155 cuius
623 1087 800 1155 interitu
828 1090 924 1173 qnid
953 1089 1088 1173 gavisi
1108 1104 1262 1163 snmus,
1283 1085 1317 1151 si

254 1195 410 1260 mortno
441 1195 576 1260 nihilo
607 1194 738 1260 minus
770 1195 969 1262 servituri
998 1187 1174 1272 'cramne,
1205 1191 1320 1257 nulla

254 1317 349 1366 cura
382 1299 612 1368 adhibetur.
672 1302 776 1387 Negat
808 1303 923 1368 Brutus
955 1322 1059 1369 curam
1093 1298 1243 1376 adhiberi,
1279 1317 1320 1362 no

253 1406 369 1474 frustra
389 1409 439 1486 (nt
458 1411 542 1474 recte
564 1409 596 1474 et
617 1409 748 1485 utiliter)
769 1409 895 1491 perierit
909 1409 1021 1476 Gaearm
1063 1407 1202 1473 Duritiee
1223 1403 1321 1470 oritur

254 1531 291 1580 ex
306 1532 352 1593 oo,
367 1514 449 1597 quod
462 1515 600 1581 relatiua
614 1515 773 1581 sonantia
789 1517 904 1581 Brutus
919 1516 1176 1600 interrogativum
1190 1514 1319 1577 formam

255 1617 352 1696 dedit,
384 1639 453 1704 quse
484 1623 606 1704 poterat
637 1622 811 1706 simplicius
843 1623 889 1688 sic
921 1620 1041 1688 efferri:
1075 1623 1162 1688 cuius
1194 1617 1321 1685 interitu

255 1725 321 1793 siue
343 1745 436 1794 cansa
455 1728 555 1812 gavisi
575 1749 694 1807 sumus,
715 1730 742 1795 si
764 1735 821 1796 oct.
870 1729 965 1796 Paulo
984 1735 1062 1812 ,post
1083 1729 1177 1794 scribi
1198 1726 1320 1804 dobere,

255 1836 292 1898 nt
311 1834 344 1897 io
366 1834 506 1918 margine
527 1834 672 1902 editionis
694 1836 902 1903 Cratandrina
929 1835 1086 1901 scribitur:
1109 1835 1229 1916 Quam
1257 1832 1320 1912 (vi-

255 1944 344 2020 tem),
366 1940 428 2008 uisi
450 1941 496 2018 (M
520 1943 552 2006 et
573 1941 726 2009 editiones
748 1942 794 2021 ei)
820 1945 932 2025 prius
955 1941 1206 2008 dimittimus
1228 1939 1319 2024 dig·

256 2047 427 2112 uitatem
450 2048 489 2111 et
510 2047 764 2126 libertatem,
788 2050 855 2132 qui
876 2067 1088 2131 possumus
1111 2048 1318 2130 accipere?

256 2152 332 2219 adeo
354 2154 402 2220 est
423 2153 621 2220 manifestum
644 2161 691 2232 (-
719 2175 792 2220 nam
815 2154 976 2240 dignitatis
999 2163 1030 2220 et
1052 2154 1203 2222 libertatis
1224 2155 1319 2218 amis·

257 2259 342 2326 sione
365 2258 459 2325 vitam
483 2247 644 2328 emendam
668 2281 736 2328 esse
758 2262 874 2328 Brutus
893 2262 968 2328 dicit
983 2269 1048 2340 -),
1063 2263 1182 2328 ntideo
1196 2262 1316 2325 tantum

255 2366 464 2434 annotandum
480 2371 595 2449 putem,
608 2370 644 2434 ut
658 2369 795 2452 exemplo
811 2371 991 2448 monstrem,
1008 2389 1100 2453 quum
1116 2366 1318 2452 indiligenter

255 2474 303 2540 hae
325 2473 464 2557 epistola
478 2475 517 2540 ab
532 2473 703 2542 editoribus
721 2477 861 2542 tractatae
875 2476 948 2540 siut.
998 2476 1032 2540 lo
1055 2476 1164 2541 eadem
1187 2472 1319 2558 epistola

256 2582 276 2662 ξ
293 2581 333 2644 10
353 2580 466 2648 uitium
487 2581 644 2658 orationis,
667 2581 750 2665 qnod
772 2582 865 2648 estio
887 2583 945 2648 hac
966 2582 1196 2648 coniunctiones
1218 2581 1269 2646 'le
1285 2624 1318 2642 ..

255 2705 349 2773 rogo
371 2688 492 2772 atquo
512 2689 653 2754 hortor
668 2727 717 2768 -,
729 2692 1048 2772 lut)...puteris,
1065 2688 1192 2756 tolletur
1206 2689 1318 2770 puncto

254 2799 325 2878 post
345 2796 557 2862 insinuent
577 2795 695 2878 posito;
726 2815 781 2878 per
811 2814 845 2861 se
867 2795 949 2860 enim
972 2795 1104 2862 vetando
1128 2795 1319 2878 adiungitur:

256 2901 415 2968 Fortem
438 2907 477 2968 et
504 2903 676 2968 liberum
711 2905 880 2969 animum
913 2947 1014 2966 ....
1045 2903 1200 2978 nullum
1233 2919 1320 2967 osse

256 3009 425 3088 puteris.

356 3113 436 3178 Ibid.
461 3115 509 3193 17,
533 3114 550 3176 1
574 3115 687 3180 excidit
712 3117 845 3190 alterurn
872 3115 1127 3201 interrogationis,
1151 3136 1212 3201 qna
1233 3115 1320 3182 Cice·

255 3218 337 3285 ronis
374 3219 569 3286 consiliorum
606 3221 811 3288 inconstantia
843 3223 1018 3300 notabatur,
1050 3224 1242 3299 membrum3
1275 3222 1346 3288 sic¹

255 3325 336 3392 eninr
360 3327 515 3394 sententia
530 3331 676 3412 concepta
691 3332 772 3400 crat:
796 3328 869 3408 Qui
890 3329 1219 3395 valentissimum
1243 3333 1320 3396 An·

255 3433 407 3500 touium
440 3436 648 3518 suscipere
671 3453 797 3519 prore
825 3434 989 3518 publica
1018 3454 1092 3502 uon
1115 3435 1322 3501 dubitarit

254 3540 479 3620 inimicum,
534 3543 686 3625 <pueri
739 3540 955 3608 Octaviani
1006 3542 1320 3608 dominationem

254 3646 462 3730 subeat>l

354 3763 432 3831 Ibid.
455 3766 475 3854 ξ
497 3767 534 3832 2:
568 3765 663 3850 quid
693 3765 764 3831 hoo
786 3765 883 3831 mihi
905 3767 1086 3850 prodest,
1110 3767 1142 3831 si
1167 3782 1318 3832 meroes

255 3873 421 3939 Antonii
465 3871 652 3956 oppressi
686 3872 870 3954 poscitur
905 3874 943 3938 iu
980 3872 1149 3939 Antonii
1190 3870 1317 3938 locum

254 3982 479 4056 successio,
513 3982 553 4045 et
584 3978 618 4044 si
651 3979 794 4046 vindex
822 3979 943 4046 illius
972 3982 1069 4046 mali
1091 3979 1231 4044 auctor
1252 3994 1318 4040 ex-

253 4085 375 4151 stitit
395 4086 589 4163 alterins,
619 4086 921 4154 tundamentum
956 4088 995 4151 et
1022 4085 1182 4151 radices
1204 4083 1318 4149 hubi·
