3008 4650
517 313 655 368 Ciceronis
674 313 707 368 de
726 319 835 368 oratore
854 313 900 367 lib.
920 312 941 367 1.
1179 311 1219 376 89

194 508 276 574 dem
301 528 388 576 esse
411 512 655 585 consultum,
677 510 895 593 praeclaras
918 509 1015 575 duas
1037 510 1147 575 artes
1170 527 1260 574 oon-

194 616 397 682 stitneres
417 618 475 682 cet.

292 767 369 834 lbid.
393 769 469 834 248:
493 769 623 834 Deme
646 772 779 835 autem
802 770 907 852 ipso,
930 768 996 835 cui
1019 769 1086 834 nni
1109 770 1260 834 tucon-

193 872 321 948 cedis,
345 876 385 939 ut
406 875 489 940 sine
511 875 595 940 ulla
616 875 721 942 iuris
751 877 934 942 scientia
964 876 1095 940 tamen
1124 877 1260 940 causis

193 978 442 1048 satisfacere
464 981 632 1063 possim,
656 979 737 1047 tibi
757 979 843 1054 hoc,
860 982 1019 1056 Crasse,
1036 981 1262 1063 respondeo,

192 1104 318 1169 neque
351 1105 406 1153 me
440 1106 624 1170 nmquam
655 1089 717 1153 ius
748 1088 872 1154 civile
902 1087 1106 1153 didicisse
1136 1105 1261 1168 neque

193 1194 383 1258 tamenin
407 1193 755 1277 iiscausis,quas
780 1194 1102 1276 iniurepossem
1126 1193 1261 1259 deien-

194 1298 301 1370 dere‚
323 1318 506 1382 umquem
527 1303 648 1367 istam
670 1300 889 1367 scientiam
914 1300 1167 1366 desiderasse.
1190 1299 1260 1366 Non

193 1404 295 1488 agitur
326 1405 363 1470 de
395 1407 505 1484 causis,
539 1426 615 1490 quus
637 1408 793 1473 Antonius
826 1407 857 1470 iu
888 1406 963 1481 iure,
999 1406 1057 1472 hoc
1091 1408 1149 1481 est,
1179 1407 1259 1490 apud

191 1510 365 1591 pretorem.
400 1515 567 1596 antequam
599 1513 639 1578 ad
672 1514 788 1580 iudices
816 1513 981 1592 veniretur,
1013 1513 1176 1579 defendere
1205 1534 1269 1598 po·.

194 1617 298 1696 tuerit,
321 1617 375 1682 sed
398 1619 435 1684 de
457 1618 505 1691 iis,
526 1622 556 1684 in
580 1621 691 1703 quibus
713 1621 797 1699 iuris,
821 1639 881 1685 non
904 1619 979 1684 facti
1003 1619 1134 1704 quaestio
1156 1620 1272 1688 luerit

139 1812 141 1815 ι
192 1723 322 1788 Sublata
343 1723 439 1807 igitur
459 1725 674 1809 praepositione
695 1725 907 1792 scribendum:
939 1745 1035 1810 quas
1058 1727 1145 1792 iure
1167 1746 1262 1809 pos-

191 1849 270 1895 sem
293 1829 524 1896 defendere.
561 1831 602 1896 lit
625 1851 672 1898 res
694 1851 853 1917 genusque
876 1850 1038 1898 causarum
1060 1837 1091 1898 st
1113 1831 1258 1918 loquendi

192 1956 265 2002 usus
286 1935 470 2019 perspicitur
491 1939 544 2006 lib.
568 1939 609 2016 ΙΙ,
635 1939 704 2004 106.

290 2075 371 2144 ibid.
411 2079 487 2142 254:
526 2079 786 2164 Quamquam,
821 2080 1013 2165 qnoniam
1050 2081 1175 2148 multa
1210 2084 1256 2149 ad

191 2183 371 2250 oratoris
404 2184 727 2252 similitudinem
761 2188 805 2253 ab
837 2204 912 2252 uno
941 2185 1110 2254 artifice
1135 2190 1261 2254 sumi·
1367 2247 1370 2254 .

193 2310 291 2370 mus,
324 2292 430 2357 solet
462 2291 565 2356 idem
599 2293 769 2359 Roscius
802 2294 937 2359 dicere
970 2311 1027 2376 se,
1065 2313 1138 2376 quo
1172 2295 1263 2379 plus

193 2398 271 2464 sibi
305 2398 443 2490 atatis
475 2399 708 2474 accederet.
740 2417 784 2464 eo
817 2399 1027 2466 tardiores
1063 2400 1261 2468 tibicinis

193 2504 326 2569 modos
362 2507 400 2570 et
435 2508 578 2572 cantus
614 2506 876 2572 remissiores
914 2525 1002 2571 esse
1045 2507 1262 2574 facturum.

193 2609 484 2678 manifestissimum
509 2616 556 2678 est
578 2613 671 2680 scribi
694 2612 835 2678 debuisse
858 2611 942 2694 (post
964 2610 1082 2689 solet)
1111 2614 1166 2679 aut
1195 2633 1260 2680 ec·
1353 2601 1362 2616 ”
1412 2574 1417 2585 ¹

194 2717 369 2782 cesserit
401 2719 456 2784 aut
494 2720 675 2794 accedat,
714 2717 899 2786 coniunctiri
936 2717 1152 2800 imperfectum
1188 2721 1259 2786 terri

194 2822 277 2888 nullo
301 2823 392 2890 modo
410 2844 515 2908 posse,
538 2845 637 2911 neque
665 2829 770 2890 tamen
786 2824 888 2889 miuus
906 2824 1022 2889 c'ertum
1039 2826 1086 2890 est
1100 2824 1259 2893 librarium

193 2929 250 2994 hoc
272 2946 326 3011 pro
347 2929 470 2996 illorum
494 2933 662 2998 alterontro
685 2951 742 2996 nou
766 2931 972 2997 substituisse.
1020 2933 1263 3015 Latetpraesens

194 3039 316 3119 tempus
349 3038 435 3103 verbi
466 3040 558 3120 paulo
592 3039 693 3103 minus
722 3037 829 3102 usitati
851 3040 882 3102 et
904 3038 995 3103 simul
1016 3038 1102 3104 lusus
1125 3041 1263 3122 quidam.

195 3144 348 3227 Scriptum
364 3146 575 3210 enimiuerat:
600 3165 656 3218 so,
679 3163 752 3227 quo
775 3145 864 3226 plus
887 3144 967 3211 sibi
989 3138 1125 3211 aetatis
1147 3163 1264 3214 noos·

193 3250 318 3322 leret.
350 3270 391 3317 eo
424 3253 629 3318 tardiores
662 3255 720 3317 cet.
773 3251 910 3316 AEtatem
940 3252 1126 3318 submoleste
1147 3254 1263 3320 adron·

193 3357 313 3422 tantem
335 3359 461 3424 Roscius
484 3359 576 3422 simul
599 3360 631 3423 et
653 3377 784 3440 querens
807 3357 941 3424 molliter
963 3361 995 3424 et
1016 3359 1125 3424 ludens
1145 3360 1262 3425 accele-

193 3481 260 3527 rare
283 3463 360 3530 dicit
381 3466 469 3548 eique
491 3484 524 3528 se
547 3464 697 3529 celeritati
719 3463 866 3529 tarditate
888 3466 1119 3529 subventurum.

296 3605 373 3671 lbid.
407 3605 482 3669 256:
521 3605 694 3688 Reliqua
726 3623 817 3670 vero
852 3606 1015 3671 etiamsi
1049 3605 1262 3683 adiuvant,

193 3709 413 3775 historiam
447 3711 534 3776 dico
568 3714 605 3776 et
636 3711 893 3794 prudentiam
921 3711 1023 3777 iuris
1046 3711 1202 3794 publici
1224 3713 1262 3774 et

194 3806 464 3899 antiquitatis
500 3820 579 3883 iter
622 3820 661 3882 et
703 3817 974 3901 exemplorum
1017 3816 1184 3898 copiam,
1229 3815 1264 3881 si

194 3923 350 4003 quando
380 3942 477 4006 opus
505 3925 599 3998 erit,
626 3943 644 3988 a
671 3924 758 3990 viro
787 3924 936 4006 optimo
960 3974 967 3990 .
991 3973 998 3988 .
1022 3974 1030 3988 .
1052 3972 1060 3989 .
1084 3923 1264 4007 Longino

195 4029 406 4095 mutuabor
422 4031 480 4095 cet.
512 4029 713 4104 Vocabulum,
730 4030 810 4113 qnod
826 4032 875 4094 est
887 4031 981 4105 iter,
998 4031 1070 4095 ferri
1085 4049 1146 4096 non
1162 4049 1261 4112 posse,

194 4152 293 4218 neque
308 4154 363 4218 per
377 4154 409 4201 se
425 4153 522 4216 neque
538 4155 608 4201 cum
630 4137 900 4218 exemplorum
922 4137 1039 4221 copia
1057 4138 1263 4215 coniunctum,
1318 4216 1320 4221 Ι
