3012 4652
571 285 712 342 Ciceronis
731 286 861 357 epistolae.
1149 287 1208 351 199

185 483 248 548 eit
297 483 399 567 Longe
432 483 516 549 aliud
549 483 706 569 signifieat
739 483 865 550 Brutus.
919 484 1050 550 Veretnr
1083 483 1176 563 enirn,
1211 503 1250 550 ne

184 589 371 656 Octavianus
399 589 554 656 Ciceronis
583 590 713 656 decretis
742 593 806 654 tam
836 591 898 656 alte
926 610 960 656 se
990 590 1054 655 iam
1077 589 1250 656 ascendisse

119 683 120 686 '
182 696 279 777 putet,
301 697 337 760 nt
358 697 386 761 ei
408 715 466 761 non
487 696 671 762 suffecturus
692 697 733 762 sit
757 715 852 762 nevus
875 696 945 762 inde
968 713 1112 764 aseensus
1136 697 1249 779 gradus

185 801 217 865 in
238 802 400 867 consulatu
421 799 550 884 positus
605 802 715 884 ltaque
747 803 848 882 timet,
882 821 919 868 ne
950 795 1053 887 'spreto
1086 803 1249 869 consulatu

182 907 283 974 mains
315 907 434 991 aliquid
465 911 563 990 petet,
595 908 783 974 dictaturam
814 927 1013 992 regnumque.
1063 909 1151 975 Hanc
1182 928 1249 976 esse

181 1015 366 1080 sententiam
387 1018 494 1097 aperte
518 1016 622 1090 etiam,
642 1033 709 1100 quaa
724 1018 902 1099 sequnntur,
918 1015 1140 1082 demonstrant.
1181 1016 1249 1081 Due

182 1118 279 1204 igitur
300 1139 443 1186 ascensus
466 1122 578 1205 gradus
608 1122 813 1187 estimatione
836 1119 997 1188 Octaviani
1022 1127 1248 1206 comparantur.

181 1228 402 1311 scripseratque
438 1229 568 1293 Brutus:
613 1247 725 1312 quam
761 1228 854 1294 inde
1028 1245 1246 1296 escensurum.

182 1332 365 1399 Consulatus
398 1332 523 1416 adeptio
557 1335 584 1399 ei
616 1333 772 1400 videbitur
798 1335 906 1400 ,minus
927 1334 1049 1401 addere
1076 1335 1192 1420 fastigii
1215 1337 1248 1400 et

180 1438 404 1522 amplitudinis,
428 1460 518 1526 quam
542 1439 694 1506 Ciceronis
722 1441 844 1508 decreta
871 1442 1054 1506 addiderint.
1098 1441 1248 1527 [Dandem

181 1547 367 1611 sententiam
388 1551 512 1612 secutus
534 1546 692 1613 Manutius
715 1565 972 1613 ascensurum
995 1546 1179 1633 scripserat]
1188 1547 1219 1626 *J

279 1675 358 1742 Ibid.
381 1677 429 1754 11,
452 1677 488 1740 1:
512 1694 599 1741 num
621 1678 688 1760 qui
709 1675 746 1740 io
771 1675 924 1741 Achaia
946 1695 1189 1760 congressus
1210 1677 1245 1740 Ρ.

182 1781 398 1847 Dolabella
420 1783 578 1847 milites
601 1791 721 1866 atque
745 1773 905 1866 equites
926 1780 1100 1848 habente
1121 1784 1245 1866 quod·

181 1890 241 1954 ris
264 1887 377 1953 edire
406 1890 629 1970 periculum
659 1910 702 1955 ex
729 1888 897 1954 insidiis
919 1888 1177 1970 paratissimi
1200 1889 1245 1954 ad

180 1995 310 2060 omnia
332 1995 508 2060 latronis
535 1997 728 2061 maluerit
750 2014 861 2079 quam
884 1994 1017 2059 videri
1040 1998 1108 2059 aut
1130 2010 1246 2062 colec-

179 2108 243 2167 tus
276 2121 362 2167 esse
394 2103 604 2184 pecuniam
639 2104 731 2168 dare
764 2107 831 2168 aut
863 2101 1044 2167 libenter
1081 2101 1245 2168 dedisse

179 2207 334 2274 homini
367 2208 618 2292 nequissimo
640 2255 648 2272 .
672 2255 690 2289 .,
715 2211 749 2274 is
782 2210 897 2275 nobis
929 2210 1038 2273 ultro
1060 2215 1114 2286 (-
1135 2208 1246 2274 ultra

182 2315 350 2399 typothetae
365 2314 459 2380 elicui
476 2315 603 2381 debetur
618 2322 672 2393 -)
688 2317 727 2381 et
747 2314 966 2398 pellicitus
988 2320 1050 2379 est
1071 2317 1110 2378 et
1132 2315 1246 2380 dedit

182 2423 239 2487 eet.
283 2420 486 2503 Perticipium
509 2440 753 2507 congressus
775 2424 820 2488 sie
840 2423 980 2488 absolute
1002 2411 1137 2504 positum
1159 2439 1244 2501 pror-

181 2547 233 2594 sus
267 2546 392 2610 pravum
427 2530 501 2604 este
525 2528 561 2592 si·
584 2528 680 2594 addas
716 2549 800 2596 cum
823 2539 919 2606 (cum
943 2528 979 2591 Ρ.
1001 2524 1244 2604 Dolabella),

179 2632 370 2718 significetur
404 2634 560 2699 Antistius
592 2636 658 2716 ipse
690 2635 859 2702 Dolabellae
888 2651 1085 2718 congressum
1117 2633 1244 2715 petisse.

180 2741 258 2806 Tota
280 2741 434 2806 renuntia
455 2741 599 2822 postulat,
629 2745 671 2807 ut
684 2743 839 2809 Antistius
862 2740 1053 2824 significetur
1073 2739 1188 2804 inritus
1211 2740 1244 2804 in

181 2847 349 2912 Dolabellae
381 2849 563 2930 potestatem
597 2848 725 2913 recisse.
781 2847 953 2930 Scripserat
983 2845 1081 2930 igitur
1110 2847 1243 2912 Brutus:

180 2972 263 3019 nam
285 2954 350 3039 qui
372 2953 411 3018 in
434 2953 587 3019 Achaia
609 2969 826 3039 comprensus,
849 2955 885 3018 Ρ.
905 2952 1121 3019 Dolabella
1141 2953 1244 3018 mili·

180 3061 240 3125 tes
276 3061 395 3144 atque
429 3062 589 3144 equites
621 3059 812 3141 habente,
850 3059 1021 3145 quodvis
1051 3062 1110 3129 eet.
1162 3059 1244 3125 Fieri

180 3166 291 3248 potest,
313 3166 443 3232 utente
466 3167 500 3230 P.
522 3166 668 3232 exciderit
690 3169 745 3234 ab.
1111 3227 1113 3230 ,

281 3272 1243 3359 lbid.16,5:Ceternmnequicquamperieritille,

178 3377 293 3442 cuius
329 3378 507 3444 interitu
543 3379 637 3462 quid
673 3380 807 3462 gavisi
839 3399 990 3456 suanus,
1023 3379 1057 3446 si
1089 3381 1243 3445 mortuo

179 3481 309 3547 nihilo
337 3485 467 3550 minus
497 3486 694 3552 servituri
724 3506 898 3562 eramus,
925 3485 1038 3551 nulla
1059 3503 1152 3550 eura
1174 3485 1244 3550 ed·

231 3755 258 3825 *l
277 3757 292 3828 ξ
305 3755 322 3811 5
334 3758 485 3828 Kayserus‚
499 3773 579 3828 quem
591 3762 648 3812 tem
661 3773 735 3828 eaepe
749 3754 913 3826 reprehendi
932 3762 1035 3811 temere
1051 3754 1137 3810 rerba
1149 3753 1242 3810 delen·

277 3854 341 3919 tem,
360 3851 444 3907 semel
462 3849 609 3920 aliquando
621 3866 715 3907 veram
728 3849 862 3920 ἀθέτησιν
877 3850 944 3905 mihi
954 3847 1100 3920 praeripuit
1113 3847 1241 3903 damnato

278 3943 406 3998 alienae.
442 3945 504 3999 Non
521 3959 635 4014 prorsus
653 3943 772 4000 alienam
791 3943 899 4015 culpam
918 3959 978 4000 esse
995 3945 1097 3998 Brutus
1115 3939 1242 4010 affirmat,

278 4035 326 4091 sed
344 4052 458 4106 prorsus
476 4051 515 4104 se,
539 4036 611 4104 qnod
633 4037 758 4106 iniquum
781 4037 905 4094 Ciceroni
927 4037 1015 4093 visum
1039 4040 1107 4104 eret,
1125 4033 1198 4090 hunc
1215 4035 1243 4090 in

278 4129 422 4186 Octaviani
441 4129 529 4200 culpes
548 4129 710 4186 societatem
726 4130 904 4198 inclusarum,
923 4129 946 4186 si
962 4128 1100 4200 prouideri
1111 4129 1242 4198 potuerit.
