3008 4650
272 258 332 320 102
645 257 705 311 nro.
724 257 751 310 n
781 257 846 327 cap.
866 259 888 312 1.

301 445 409 520 'Ibin
443 456 522 520 109:
559 455 663 521 Tuus
700 456 822 536 etiam
861 457 1051 541 gentilis,
1086 457 1226 534 Brute,
1255 457 1299 522 M.

230 562 388 626 Pennus
420 560 545 627 facile
578 563 756 644 agitavit
787 563 826 627 in
863 564 1076 629 tribunatu
1115 561 1147 631 O.
1179 565 1298 630 Grac-

231 668 360 744 chum,
393 667 553 750 paulum
587 670 707 734 aetate
739 671 1002 752 antecedens;
1025 670 1108 734 luit
1129 671 1231 734 enim
1253 670 1296 734 M.

231 775 381 857 Lepido
411 778 449 838 et
477 774 512 841 L.
542 773 686 840 Oreste
716 778 957 843 consulibus
979 777 1155 858 quaestor
1176 776 1300 843 Grac·

232 881 346 954 chus,
377 881 567 946 tribunus
601 882 756 947 Pennus
786 887 844 948 cet.
887 882 947 949 Hic
968 885 1051 949 locus
1073 884 1104 946 in
1128 883 1244 948 Baiteri
1268 887 1301 949 et

232 986 360 1072 llayscri
382 986 519 1070 exemplo
542 1006 662 1052 summo
683 989 747 1053 iure
768 988 886 1054 infelici
909 990 997 1074 signo
1017 991 1141 1054 notatus
1158 990 1224 1064 est;
1246 1009 1301 1055 nec

231 1096 334 1159 tamen
358 1094 503 1158 mendum
527 1094 559 1158 in
581 1095 726 1159 adverbio
754 1095 878 1160 facile
906 1097 1009 1160 sedem
1038 1096 1143 1170 habet,
1164 1114 1219 1177 pro
1241 1115 1300 1179 quc

233 1202 296 1266 sive
329 1200 462 1264 valide
495 1198 559 1264 sive
592 1201 724 1266 facete
757 1202 926 1266 subst'tuas
959 1211 1011 1277 (-
1033 1205 1199 1286 utrumque
1222 1207 1300 1267 enim

232 1308 291 1372 fuit
324 1308 377 1390 qui
408 1306 636 1371 commendaret
656 1317 719 1381 —),
747 1307 933 1389 relinquitur
953 1327 989 1373 ac
1010 1309 1108 1390 priore
1131 1310 1301 1376 mutatione

189 1415 193 1423 '
234 1413 326 1479 etiam
351 1415 481 1495 augetur
502 1411 628 1477 offensio
650 1433 685 1478 ac
707 1415 849 1495 suspicio,
866 1433 934 1498 quae
949 1433 985 1479 ex
1001 1433 1036 1479 eo
1052 1417 1196 1488 nascitur,
1217 1417 1300 1500 quod

232 1523 321 1586 homo
343 1521 476 1596 aliunde,
499 1519 526 1585 si
542 1519 674 1601 excipias
691 1520 729 1584 de
746 1520 804 1585 off.
820 1522 878 1594 Ill,
890 1521 941 1594 47,
956 1521 1081 1604 ignotus
1095 1521 1126 1585 in
1142 1522 1302 1588 tribunatu

233 1647 288 1693 suo
309 1627 343 1694 G.
362 1627 531 1692 Gracchum
555 1627 679 1709 ingenio
701 1629 733 1690 et
754 1628 858 1708 populi
881 1627 982 1692 lavore
1003 1628 1254 1699 florentissimum
1270 1631 1301 1694 et

232 1734 481 1816 potentissimum
513 1733 604 1798 facile
633 1736 687 1797 eut
715 1732 806 1797 valde
838 1733 973 1816 agitasse
1004 1733 1117 1799 dicitnr
1147 1742 1231 1811 (nam
1264 1736 1300 1800 in

162 1871 165 1876 v
233 1841 448 1905 tribunatu
468 1839 636 1904 necessario
652 1857 722 1904 cum
738 1840 915 1922 agitavit
937 1838 1140 1923 coniungitur,
1155 1845 1192 1904 ut
1206 1842 1302 1924 ipsius

234 1947 330 2010 Penni
366 1944 540 2010 tribunatus
569 1944 786 2028 intelligatur).
848 1947 992 2019 Accedit,
1032 1947 1113 2031 quod
1154 1927 1301 2029 proximis
1346 1927 1354 1939 ’

234 2052 335 2117 verbis
359 2051 471 2116 dicitur
494 2052 615 2115 Pennus
639 2069 674 2115 eo
697 2054 834 2134 tempore
855 2055 996 2120 tribunus
1012 2055 1190 2137 fuisseque
1207 2053 1303 2118 Grac·

235 2157 310 2224 chus
347 2159 533 2241 quaesturam
571 2161 692 2242 gereret
724 2157 853 2224 necdum
888 2161 1016 2226 consilia
1049 2165 1080 2226 et
1115 2161 1199 2245 leges
1232 2179 1303 2224 suas

233 2265 423 2347 protulisset.
468 2263 527 2328 Sed
550 2283 672 2330 omnem
689 2264 852 2330 demendo
872 2267 1096 2332 dubitationem
1112 2267 1206 2341 tollit,
1224 2267 1302 2349 quod

235 2373 268 2435 in
289 2371 444 2437 codicibus
467 2389 528 2436 non
550 2369 583 2439 0.
609 2373 831 2437 Gracchum
853 2371 1032 2454 paulum,
1061 2372 1116 2437 sed
1143 2373 1304 2454 paulum

236 2478 269 2544 G.
293 2477 514 2544 Gracchum
548 2478 701 2554 scribitur,
735 2481 771 2543 ut
797 2480 943 2570 appareat
971 2478 1004 2544 G.
1028 2479 1161 2544 Gracchi
1192 2495 1303 2543 nomen

235 2586 359 2650 omnino
386 2585 466 2649 nihil
495 2584 532 2650 ad
561 2586 735 2667 pracedens
765 2588 891 2652 verbum
914 2585 1076 2668 pertinere,
1105 2585 1159 2650 sed
1182 2585 1303 2650 tantum

235 2693 274 2758 ad
306 2691 570 2770 antecedens,
604 2691 838 2775 Gracchumque
871 2711 889 2756 a
921 2691 1066 2758 Cicerone
1095 2711 1164 2756 cum
1199 2692 1303 2756 Penne

235 2818 297 2864 una
328 2799 428 2864 aetatis
461 2797 691 2881 comparatione
724 2799 878 2882 coniungi.
926 2799 973 2862 De
1002 2798 1069 2880 ipso
1095 2797 1199 2863 Panno
1222 2795 1301 2880 qood

236 2905 341 2970 Cicero
363 2905 451 2978 dixit,
473 2906 573 2969 totum
599 2905 774 2970 continetur
795 2905 895 2969 uerbis
915 2904 1038 2969 facilc
1061 2903 1239 2988 agitavit
1260 2905 1298 2968 in

236 3011 467 3092 tribunatu;
489 3009 594 3094 itaque
608 3011 662 3078 ubi
677 3029 757 3076 nunc
778 3011 958 3096 agitavit
979 3010 1134 3087 scribitur,
1156 3009 1304 3089 scriptum

336 3267 452 3336 primum
483 3267 573 3322 locum
601 3268 723 3324 obtinere
751 3269 887 3323 debebant
914 3269 971 3337 -),
1002 3264 1166 3334 relinquitur
1189 3259 1305 3329 'aliquid
1349 3261 1351 3266 ’

338 3361 429 3416 scabri
447 3365 475 3416 ct
492 3361 584 3416 vitiosi
602 3363 631 3416 iu
649 3363 701 3417 hac
720 3361 922 3418 coniunctione:
953 3360 1056 3416 ctiam
1073 3358 1105 3412 1..
1124 3354 1306 3411 Lentulum

337 3495 343 3508 .
366 3491 436 3522 ...,
464 3453 495 3522 Q.
514 3455 752 3511 Nobiliorem.
774 3495 780 3509 .
801 3495 807 3509 .
827 3494 835 3510 .
854 3460 886 3509 et
905 3454 935 3508 Τ.
956 3453 1104 3508 Annium
1122 3450 1303 3504 Luscum..

337 3565 405 3603 non
436 3547 643 3604 indisertum
675 3549 795 3604 dicunt
824 3546 947 3614 fuisse3
983 3560 1047 3600 nam
1083 3549 1115 3598 et
1148 3539 1304 3598 coniunctio

336 3658 419 3712 prave
436 3641 465 3696 iu
476 3642 558 3698 tertio
571 3643 692 3698 membro
705 3642 823 3710 additur,
833 3647 861 3696 ct
873 3639 1086 3710 exspectabatur
1103 3636 1305 3701 indisert0s3

339 3735 387 3790 sed
414 3736 548 3792 correctio
575 3737 674 3792 erroris
692 3735 788 3806 pusilli
810 3735 916 3788 incerta
933 3739 1026 3787 tamen
1045 3736 1096 3786 est.
1124 3731 1171 3784 Et
1199 3727 1307 3797 quidem

337 3827 465 3884 facillime
484 3846 518 3884 ex
537 3829 744 3884 deduxisset
769 3834 864 3882 natum
892 3842 953 3882 esse
979 3830 1079 3894 potest.
1125 3822 1204 3890 Quod
1230 3819 1246 3890 ξ
1273 3819 1308 3875 90

338 3923 510 3979 scribendum
540 3930 751 3978 annotaveram:
789 3920 876 3974 nihil
909 3932 1077 3974 recusans
1105 3915 1214 3971 Galba
1245 3929 1307 3983 pro

291 4073 294 4078 .
339 4031 416 4072 sese
449 4017 571 4086 populi
599 4015 738 4072 Romani
768 4013 873 4069 fidem
904 4012 1095 4083 implorans
1125 4025 1198 4063 cum
1227 4021 1309 4060 suos

338 4116 401 4179 ceu,
412 4111 522 4166 sublata
539 4109 676 4180 particula
695 4115 728 4163 et
745 4112 810 4176 post
826 4123 889 4175 pro
908 4121 996 4173 sese,
1015 4099 1308 4171 occupanitGampius.
