3008 4654
295 281 358 344 me
664 279 915 350 mame

254 478 396 546 oisoar.
447 478 520 544 Sine
550 479 642 545 dubio
673 478 800 544 Taoitus
822 477 1002 563 scripserat:
1026 480 1065 543 et
1086 474 1328 562 <privatim>

254 585 440 670 privatas
462 583 820 663 inimicitias,nou
841 583 1114 668 riprinoipis,
1137 579 1327 647 uloiaoar,

357 773 437 841 lbid.
460 773 501 838 63
523 775 591 852 (ubi
606 774 776 856 exponitur,
791 774 902 858 quibus
915 771 1106 858 argumentis
1122 770 1329 838 testimoniis·

254 902 314 968 que
343 881 459 948 Grata
489 880 573 946 Asiae
602 879 745 948 oiritetes
778 899 842 946 usae
871 879 993 946 sintin
1016 878 1171 965 asylorum
1198 896 1324 945 suorum

254 988 321 1055 iure
337 986 531 1054 defendendo
547 986 845 1070 oonlirmandoqne):
869 985 1065 1068 Propiora
1086 983 1327 1062 Sardianos,

254 1092 480 1161 Alexandri
515 1091 690 1159 viatoris
725 1093 766 1160 id
804 1093 955 1160 donum.
1020 1091 1155 1175 Neque
1195 1092 1325 1158 minus

255 1200 444 1268 Milesios
468 1199 597 1266 Dareo
619 1217 713 1283 rege
734 1199 833 1277 niti;
863 1201 930 1268 sed
961 1200 1097 1268 oultua
1121 1198 1325 1264 numinum

254 1306 442 1389 utrisque
485 1304 651 1372 Dianam
702 1310 771 1372 aut
812 1307 1044 1390 Apollinem
1093 1303 1326 1370 venerandi.

255 1412 359 1480 Multa
377 1414 410 1478 iu
432 1418 570 1478 exuema
590 1414 678 1496 parte
698 1413 861 1480 sententia
874 1433 968 1498 grave
984 1413 1130 1481 mendum
1144 1414 1328 1494 coarguunt

254 1520 391 1604 primum
422 1537 534 1602 pravus
570 1517 622 1584 ille
657 1520 800 1605 gerundii
832 1521 994 1606 genetivus
1026 1517 1273 1597 (venerandi)
1306 1534 1328 1582 a

255 1629 340 1694 nullo
371 1626 566 1693 substantivo
595 1626 731 1708 pendens
763 1625 916 1704 (nultus
948 1628 1012 1690 est
1042 1624 1232 1708 utrisque
1259 1624 1324 1690 Di·

231 1751 366 1802 anam
398 1733 649 1812 venerandi),
677 1750 768 1815 quem
797 1733 912 1798 frustra
944 1732 1070 1799 delendi
1101 1732 1178 1798 satis
1200 1730 1326 1816 exposui

255 1841 288 1908 in
326 1839 583 1907 Adversariorum
623 1839 780 1906 volumine
823 1840 920 1906 altero
964 1860 994 1924 p.
1038 1838 1099 1904 553
1141 1839 1174 1905 et
1216 1838 1325 1916 556⁴),

256 1947 367 2014 deinde
403 1947 539 2013 onltus
575 1962 685 2012 nomen
722 1949 777 2012 aut
811 1963 905 2028 pravo
940 1964 1013 2012 oasn
1041 1946 1177 2028 positum
1213 1945 1326 2024 (oratio

256 2054 339 2120 enim
375 2053 501 2137 obliqua
538 2055 747 2119 aeonsativum
783 2053 934 2137 postulat)
971 2053 1025 2118 aut
1058 2070 1153 2135 pravo
1187 2069 1326 2129 numero,

255 2165 324 2228 tum
359 2160 492 2226 inanitas
529 2159 699 2238 sententia,
737 2161 903 2243 utrumque
938 2158 1085 2242 populum
1119 2158 1229 2226 habere
1261 2157 1328 2224 eul-

255 2271 325 2336 tum
355 2266 529 2345 numinum,
561 2268 598 2332 ut
626 2269 680 2332 aut
702 2266 835 2332 Dianam
856 2269 910 2332 aut
931 2264 1108 2348 Apollinem
1131 2265 1327 2343 sanarentur,

257 2374 347 2460 quasi
369 2375 437 2458 quis
455 2371 606 2455 auspioari
620 2373 719 2455 possit
734 2373 821 2439 nulla
835 2391 887 2440 eos
896 2373 1029 2440 numina
1043 2373 1152 2451 eolere,
1171 2375 1330 2455 postremo

256 2481 323 2549 haeo
343 2481 447 2548 omnia
468 2498 610 2565 pervorse
639 2479 792 2562 particula
819 2479 1013 2548 adversativa
1037 2478 1245 2562 superioribus
1269 2479 1326 2542 ad·

256 2589 373 2668 innota,
396 2605 465 2654 oum
487 2585 565 2653 nihil
585 2606 711 2670 prorsus
733 2588 775 2654 sit
789 2586 935 2654 contradi
949 2590 1004 2652 aut
1018 2585 1101 2670 quod
1116 2584 1328 2668 superioribus

257 2696 414 2780 repugnet.
459 2693 520 2759 Sed
548 2693 607 2759 hae
639 2694 706 2776 ipsa
733 2693 885 2778 particula
913 2693 977 2759 veri
1000 2691 1177 2760 inveniendi
1197 2690 1328 2758 initium

257 2803 448 2877 contineturr
478 2801 607 2884 apparet
640 2799 721 2867 enim
754 2800 835 2866 hano
866 2819 1019 2866 summam
1055 2818 1122 2866 osse
1153 2798 1326 2877 sententiar,

258 2908 422 2976 Sardianos
444 2907 477 2973 et
505 2905 656 2984 Milesios,
690 2925 877 2992 quamquam
906 2907 1030 2990 utrique
1061 2907 1187 2973 vetusta
1217 2924 1328 2990 regum

259 3015 444 3082 auctoritato
475 3012 627 3091 nitantur,
659 3015 764 3079 tamen
797 3031 857 3079 non
891 3012 1027 3081 eiusdem
1062 3013 1111 3080 dei
1143 3011 1327 3095 religionem

258 3118 339 3184 tueri
360 3117 521 3196 attolere,
544 3118 599 3184 sed
620 3118 735 3186 alteros
758 3119 875 3198 Diana,
899 3120 1012 3188 alteros
1034 3119 1185 3204 Apollinis
1208 3119 1331 3202 (itaque

258 3227 426 3293 Dianam
447 3226 776 3309 autApollinom,
792 3246 853 3293 non
869 3227 1038 3294 Dianam
1054 3225 1326 3308 etApollinem

258 3332 425 3411 scribitur).
469 3333 609 3417 Apparet
632 3333 664 3399 in
686 3330 735 3398 his
757 3332 858 3398 verbis
885 3333 954 3398 sed
976 3335 1112 3399 uoltus
1132 3333 1329 3398 numinum

258 3439 448 3523 utrisque
482 3439 577 3506 latare
607 3439 720 3505 diversi
749 3439 853 3506 oultns
885 3440 1152 3525 significationem,
1180 3440 1225 3506 ita
1253 3458 1328 3505 oon-

258 3549 393 3631 oeptam,
415 3552 451 3615 ut
480 3548 508 3612 ei
536 3545 782 3612 aeoommodetur
812 3545 977 3630 genetivus
1012 3545 1064 3612 ille
1095 3546 1330 3614 venerandi.

260 3655 431 3739 Soripserat
451 3653 597 3720 Tacitus:
620 3655 687 3719 sed
709 3653 845 3719 nultus
867 3671 984 3720 nomon
999 3672 1063 3722 nou
1078 3672 1177 3721 ιιιιιιιιι
1198 3653 1329 3720 utris-

314 3941 339 4011 *)
359 3941 475 3998 Frustra
498 3943 526 3996 in
548 3943 637 4013 Epist.
657 3942 692 3998 ad
710 3943 839 3998 Orellium
858 3939 893 4011 (a.
914 3942 992 4011 1828)
1020 3961 1046 4012 p.
1065 3942 1101 3998 80
1121 3942 1332 4012 epexegetioum

361 4035 478 4104 genetivi
506 4053 584 4091 usum
610 4037 749 4104 advocari,
778 4052 858 4104 quem
887 4036 1008 4092 excludit
1035 4037 1173 4092 sententia
1200 4035 1333 4104 (cultus

362 4128 608 4198 astutiisque).
1138 4131 1150 4150 ⁸
