3012 4652
313 281 374 344 m
670 275 940 347 mmmm

270 477 370 544 bitur:
406 477 506 542 milri
541 475 690 554 omnia,
727 493 809 560 que
843 472 1018 540 ineunda
1185 470 1337 537 homini

270 583 456 650 aoeidere
487 587 672 666 possunt,
706 600 749 646 ex
782 581 858 646 illo
890 578 1140 647 eooidebaut.
1190 577 1338 656 [Sioiem

271 689 437 756 Lambinus
457 689 490 756 iu
512 688 654 774 margine
679 688 783 766 lesu]

368 797 445 863 lbid.
482 799 501 880 ξ
533 797 569 862 4:
605 794 780 860 Primum
817 794 919 859 euim
957 794 997 858 te
1027 791 1219 876 praesidio
1251 809 1338 858 esse

270 901 397 980 volui,
417 903 451 968 si
472 904 540 984 qui
561 901 700 967 essent
721 901 894 980 inimici,
924 918 1088 983 quornm
1110 897 1338 964 erudelitas

269 1009 440 1074 noudum
482 1011 595 1074 esset
636 1008 776 1072 nostra
818 1006 1055 1072 calamitate
1092 1006 1248 1071 satiata
1279 1005 1337 1070 oet.

269 1113 389 1194 Qnaero,
423 1114 474 1180 oni
507 1114 631 1180 Marone
663 1112 814 1194 Quintum
846 1110 990 1194 prasidio
1024 1130 1091 1177 esse
1120 1111 1269 1185 volnerit;
1299 1103 1337 1174 de

269 1221 365 1286 Merui
387 1221 512 1304 quidem
532 1219 674 1303 prasidio
697 1237 756 1284 uon
779 1219 891 1303 egitur,
915 1218 1059 1302 quoniam
1081 1219 1109 1283 ls
1130 1218 1194 1283 iam
1212 1218 1337 1284 oalumi-

268 1330 367 1393 tutem
389 1327 534 1393 subierat
579 1326 781 1407 comparetis,
805 1343 872 1409 quae
890 1326 1036 1409 leguntur
1049 1325 1089 1390 ed
1103 1326 1170 1391 Att.
1186 1324 1245 1404 ΙΙΙ,
1262 1325 1290 1402 9,
1307 1325 1336 1401 1,

268 1433 454 1518 intelligitur
476 1432 641 1516 significari
670 1432 850 1515 perieulum,
881 1432 962 1515 quod
992 1432 1052 1514 ipsi
1080 1430 1193 1511 Quinto
1215 1432 1336 1513 impen-

269 1541 366 1619 deret,
389 1538 603 1618 accusationis,
625 1557 695 1605 enm
718 1558 755 1604 ox
776 1538 932 1621 provinoia
962 1537 1160 1614 deoessisset;
1191 1557 1262 1602 eum
1283 1557 1337 1603 on·

268 1647 387 1712 mulum
411 1645 523 1711 addere
542 1647 685 1727 poteraut
698 1645 818 1712 inirnioi
834 1644 932 1709 Marei
946 1645 1125 1710 calamitate
1139 1663 1201 1709 uon
1217 1644 1334 1710 satiati.

269 1752 469 1819 scribendum
492 1751 603 1836 igitur:
632 1753 673 1819 te
695 1752 812 1835 <iu>
834 1750 1025 1835 praesidio
1048 1770 1135 1817 esse
1157 1751 1271 1818 volni
1291 1752 1337 1828 (et

267 1859 403 1942 impetus
425 1857 622 1924 inimieorum
644 1866 774 1937 nevere).

275 2023 278 2030 ·
369 1975 1334 2060 lbid.II,3‚2:Qui(Pompeius)utperoravit—uam

267 2085 306 2150 sn
330 2102 371 2150 00
393 2102 485 2149 sane
507 2084 630 2150 fortis
653 2083 750 2162 rura,
780 2103 852 2148 non
881 2085 943 2148 eso
964 2083 1208 2160 deterritus,
1231 2082 1336 2148 uixit
1401 2119 1408 2126 -
1495 2057 1496 2090 ³

268 2191 398 2257 omnia
419 2192 539 2273 atque
559 2189 765 2255 interdum
786 2188 907 2254 otiam
930 2188 1122 2266 silentio,
1147 2207 1230 2254 oum
1248 2208 1335 2256 euo-

268 2298 444 2364 toritate
466 2300 682 2380 peregerat
699 2297 832 2374 -‚sed
855 2297 898 2361 ut
919 2295 1143 2378 peroravit,
1159 2299 1217 2362 oet
1255 2295 1334 2377 Quid

268 2405 450 2471 auctoritate
482 2405 642 2488 peregerat
674 2407 705 2468 et
734 2404 859 2487 quidem
889 2406 1021 2485 saepiusl
1069 2402 1156 2468 Nihil
1177 2422 1259 2482 saue,
1281 2404 1334 2468 sed

164 2567 166 2572 .
267 2511 478 2598 perfregerat
509 2508 560 2593 (er
591 2511 692 2594 droop
725 2509 849 2595 duret).
909 2509 982 2576 Siue
1018 2511 1190 2576 accusativo
1223 2509 1336 2583 dieitur

268 2618 524 2702 perfringere
547 2618 641 2682 etiem
658 2616 709 2682 Or.
726 2619 775 2681 97.
799 2617 866 2699 [Sio
886 2617 949 2682 iam
967 2618 1149 2695 Guilelmus,
1172 2618 1222 2683 oui
1244 2635 1333 2683 nemo

266 2726 480 2804 auscultavit]
505 2722 602 2789 Paulo
617 2724 688 2805 post
703 2725 736 2808 (ξ
753 2726 785 2802 5)
801 2725 959 2790 scribitur:
976 2723 1051 2789 Sed
1069 2723 1172 2789 idem
1189 2723 1335 2789 Nerius

267 2832 387 2898 index
410 2831 544 2897 edidit
565 2831 609 2896 ed
639 2832 837 2915 alligatos
859 2830 921 2896 On.
941 2831 1154 2896 Lentulum
1177 2830 1337 2896 Vatium

268 2940 306 3001 et
323 2935 354 3001 0.
372 2936 602 3001 Cornelium
624 2938 706 3003 iste
728 2939 772 3002 ei.
796 2939 935 3003 Primum
950 2936 1177 3003 restituendum
1192 2956 1209 3003 e
1226 2937 1274 3002 ll:
1289 2937 1336 3002 ed

267 3043 490 3127 allegatos,
512 3043 568 3108 hoe
589 3045 646 3121 est,
670 3045 708 3109 ed
732 3063 794 3123 eos,
818 3044 871 3128 qui
888 3044 984 3110 Sestii
1006 3045 1130 3110 nomina
1152 3044 1192 3108 ed
1206 3043 1335 3109 Nerium

267 3147 356 3214 missi
378 3149 467 3213 erant
488 3150 520 3214 et
541 3167 611 3215 oum
633 3169 667 3216 eo
688 3152 837 3234 agebant;
862 3151 972 3217 deiude
989 3149 1182 3217 scribendum
1198 3151 1334 3216 videtur:

266 3253 326 3319 (iu.
355 3253 570 3320 Lentulum
605 3257 762 3322 Vatium
797 3259 837 3322 et
868 3258 901 3322 Ο.
934 3256 1165 3322 Cornelium
1197 3257 1333 3323 instare.

267 3362 331 3426 Hos
354 3360 430 3426 dnos
451 3361 564 3427 Nerius
586 3381 744 3444 superesse
767 3363 867 3430 Sestio
887 3363 1088 3430 'accusatores
1108 3366 1140 3430 et
1162 3365 1333 3442 imminere,

266 3469 292 3534 si
313 3469 380 3550 ipse
402 3467 585 3546 dest'tisset
609 3469 756 3536 ediderat.

367 3573 497 3652 lurda,
522 3575 539 3635 1
563 3575 651 3641 eoa:
684 3575 783 3641 Mihi
816 3595 898 3643 oum
930 3597 999 3644 sue
1027 3578 1333 3660 sponteiuouu·

265 3682 353 3746 dnm
387 3680 484 3764 (quod
519 3681 651 3748 Gabinio
683 3684 714 3747 iu
748 3685 858 3750 senatu
874 3685 1081 3767 -supplioatio¹
1114 3683 1333 3749 contumeliose

266 3789 378 3871 negata
409 3793 499 3866 erat),
536 3788 618 3852 tum
654 3788 891 3869 iucundius,
926 3791 1028 3875 quod
1060 3809 1117 3856 me
1149 3791 1332 3868 absente;

266 3894 416 3960 etenim
439 3895 677 3978 εἰλικρινὲς
699 3897 895 3967 iudicium
911 3897 997 3964 siue
1013 3897 1331 3982 oppugnatione,

264 4000 351 4065 sine
387 3999 523 4084 gratia
555 4003 812 4069 nostraerat.
852 4007 951 4068 Ant-e
985 4004 1087 4088 quod
1120 4002 1261 4070 Idibus
1293 4007 1333 4068 et

264 4106 468 4188 postridie
490 4107 627 4174 fueret
648 4108 797 4175 dietum
823 4111 866 4176 de
882 4129 976 4193 agro
993 4111 1188 4200 Campano
1204 4112 1332 4176 aetum

1128 4207 1146 4240 0
