3012 4652
294 235 356 302 m
653 239 946 314 mmmm,

253 453 321 500 meo
345 436 578 502 communicata
601 441 633 502 et
653 438 692 503 ab
715 455 750 502 eo
772 436 863 502 editae
884 437 996 514 essent,
1020 455 1071 502 eos
1094 435 1186 502 libros
1207 435 1319 518 raptim

254 542 435 622 percucurri,
458 545 502 619 ut,
526 544 673 626 qnantum
697 542 769 609 nevi
796 543 900 608 auxilii
928 542 1059 608 allatum
1086 551 1176 619 osset,
1208 559 1321 626 cogno·

255 665 381 724 scaram,
417 648 562 731 itemque,
596 669 666 714 cum
695 648 842 715 AEmilins
871 650 1001 715 Hermes
1034 650 1065 713 in
1094 647 1321 729 Quaestionibuo

255 751 371 820 criticis
407 754 438 819 io
474 753 598 840 Seneca
633 755 831 839 epistolarum
867 755 984 838 partem
1022 755 1152 820 alteram
1184 754 1321 822 codicum

234 861 565 944 ,Argentoratensium
587 861 616 927 A
638 863 671 927 et
692 848 728 924 B'
747 863 914 945 scripturas
937 861 968 925 in
992 880 1039 944 ep.
1063 861 1102 924 95
1124 859 1322 946 diligentins,
1355 927 1358 932 .

256 986 348 1050 quam
364 967 457 1033 antea
471 967 590 1034 factum
605 970 684 1045 erat,
701 969 870 1046 enotusset,
886 967 1055 1052 longiorem
1068 968 1148 1032 hano
1161 966 1324 1050 epistolam

257 1074 394 1146 studiose
437 1076 613 1140 retractari.
679 1075 759 1140 Hinc
796 1078 877 1140 natae
912 1077 994 1152 sunt,
1039 1093 1114 1157 quas
1152 1073 1324 1150 subiiciam,

257 1180 496 1257 emendationes,
520 1180 553 1244 in
573 1182 637 1246 illis
660 1182 779 1246 duobus
800 1181 955 1264 opusculis
978 1181 1118 1266 singula,
1140 1181 1171 1245 in
1194 1180 1326 1263 epistola

258 1287 348 1368 paulo
370 1287 481 1368 plures.
804 1287 806 1290 ’

358 1405 405 1468 De
427 1405 533 1470 Benef.
558 1407 582 1485 l,
609 1407 654 1482 10,
678 1407 715 1472 5:
738 1405 953 1489 Tamquam
974 1405 1091 1471 lilios
1114 1403 1241 1470 alicui
1263 1421 1326 1467 re-

259 1509 437 1576 stituere
466 1515 606 1594 potero
636 1530 776 1597 magno
805 1511 991 1594 periculo
1013 1501 1216 1577 liberatos
1238 1511 1326 1574 sine

259 1616 344 1682 ullo
365 1635 446 1683 meo
468 1637 541 1684 non
564 1618 767 1684 dubitabo.
822 1619 896 1684 Haec
927 1619 1029 1696 verba,
1057 1636 1124 1701 qun
1149 1616 1227 1682 Adv.
1250 1615 1325 1682 crit.

261 1724 292 1786 ll
313 1742 343 1805 p.
366 1725 427 1787 407
448 1738 497 1807 sq.
520 1725 565 1790 sic
587 1726 727 1803 tractavi,
756 1727 792 1789 ut
819 1743 857 1790 ne
887 1723 964 1791 nrihi
994 1723 1120 1808 quidem
1151 1723 1213 1806 ipsi
1235 1722 1327 1790 satis·

261 1831 404 1910 lacerem,
435 1850 526 1914 quam
558 1833 720 1897 molestam
752 1832 888 1898 habeant
920 1830 952 1896 in
986 1849 1132 1898 concursu
1164 1831 1326 1896 verborum

262 1940 401 2019 potero
434 1941 465 2002 ct
497 1955 571 2002 nen
604 1937 799 2004 dubitabo
834 1938 982 2004 orationis
1014 1939 1156 2014 formam,
1191 1937 1329 2019 apparet,

263 2063 360 2127 neque
380 2045 415 2108 ei
446 2043 622 2110 difficultati
649 2044 894 2130 interpungendo
923 2045 1000 2110 satis
1027 2044 1206 2110 subvenitur
1228 2043 1328 2120 (sine

263 2150 347 2215 ullo
370 2169 468 2216 meo:
492 2171 565 2216 non
589 2151 814 2230 dubitabo);
837 2153 943 2235 itaque
957 2150 989 2216 in
1007 2150 1191 2216 editionibus
1206 2153 1330 2234 (preater

264 2257 472 2335 Gertnianam)
494 2257 620 2323 additur
642 2247 925 2341 sitTamquam
948 2259 983 2323 si
1010 2257 1157 2322 lilios.
1181 2303 1188 2318 .
1212 2303 1219 2318 .
1243 2259 1330 2322 sine

263 2363 347 2429 ullo
380 2382 480 2444 meo,
514 2349 587 2430 non
621 2365 838 2443 dubi-tabo).
894 2364 954 2430 Sed
984 2363 1076 2448 longe
1098 2363 1237 2448 graviora
1258 2366 1331 2428 sunt

265 2470 424 2536 sententiae
446 2471 539 2549 ritia;
568 2491 639 2537 nam
669 2472 751 2556 quid,
775 2490 889 2554 quaeso,
911 2471 951 2537 ad
975 2489 1055 2548 eum,
1078 2469 1116 2534 de
1138 2489 1197 2553 quo
1219 2469 1332 2536 Seneca

186 2595 192 2607 ·
265 2596 320 2659 per
341 2577 441 2642 totum
464 2578 544 2643 hunc
575 2578 676 2644 locum
706 2578 853 2661 disputat,
884 2577 1098 2643 beneficiorum
1123 2576 1275 2642 delectum
1301 2581 1333 2640 et

266 2702 336 2748 cnm
359 2684 526 2750 officiorum
551 2685 792 2767 meritorumque
822 2704 859 2750 ac
887 2683 1050 2768 dignitatis
1080 2684 1228 2748 varietate
1250 2702 1333 2748 com-

267 2793 456 2872 parationem
479 2790 623 2873 pertinet,
647 2792 726 2874 quod
750 2793 845 2874 negat
865 2808 898 2856 se
918 2791 1131 2870 dubitaturum
1148 2789 1228 2854 filios
1243 2790 1336 2854 alicui

269 2915 381 2981 magno
405 2883 541 2980 periculo
571 2899 716 2962 liberatos
745 2898 811 2963 sinc
841 2897 904 2970 ullo
927 2915 983 2962 suo
1004 2896 1140 2979 periculo
1161 2897 1334 2974 restituere,

268 3003 327 3068 hoo
359 3008 415 3082 est,
449 3003 549 3068 scelus
582 3023 615 3069 se
643 3005 796 3069 facturum
829 3005 942 3088 negat?
988 3002 1063 3084 Qua
1086 3004 1134 3069 est
1155 3004 1258 3068 autem
1279 3001 1336 3066 illa

268 3109 423 3174 restitutio
458 3114 618 3193 tamquam
650 3111 844 3187 amissorum,
877 3109 1022 3193 quoniam
1053 3110 1089 3174 de
1118 3110 1183 3174 sola
1210 3106 1336 3191 periculi

269 3215 448 3282 liberatione
478 3218 528 3300 agi
558 3215 689 3296 videtur,
721 3235 781 3301 quo
811 3216 944 3299 deniqne
971 3217 1105 3298 pertinet
1126 3215 1260 3299 diligens
1282 3213 1337 3279 illa

269 3321 384 3387 nullius
414 3323 461 3388 sui
488 3322 615 3404 periculi
644 3321 760 3387 mentio
790 3323 822 3386 et
850 3341 924 3410 cum
947 3341 1059 3406 magno
1081 3320 1180 3387 alieno
1202 3320 1336 3403 periculo

269 3429 480 3511 comparatio?
530 3429 613 3511 Ipsa,
636 3448 704 3512 quae
726 3428 875 3511 seqnitur,
909 3430 994 3513 digni
1026 3427 1172 3494 beneficio
1204 3425 1336 3492 hominis

205 3527 208 3531 ’
269 3554 340 3599 cum
371 3535 498 3618 indigno
532 3537 565 3599 ot
598 3534 787 3600 discriminis
818 3537 943 3617 proptor
971 3535 1061 3600 illum
1089 3533 1239 3599 subeundi
1265 3552 1335 3598 cum

270 3641 412 3721 elamore,
436 3659 496 3725 quo
518 3643 583 3707 solo
607 3641 655 3705 hic
678 3641 851 3720 adiuvetur,
875 3641 1062 3724 comparatio
1085 3638 1337 3704 manifestissime

270 3747 414 3827 ostendit,
446 3748 580 3812 similem
613 3747 664 3812 hic
696 3747 791 3812 fuisse
824 3745 964 3813 beneficii
996 3748 1027 3812 in
1049 3745 1180 3812 diversis
1202 3745 1338 3827 personis

269 3852 384 3922 maiore
406 3854 562 3919 minoreve
580 3857 634 3918 unt
650 3852 735 3917 nullo
750 3853 887 3935 periculo
902 3852 1076 3918 conferendi
1092 3851 1335 3926 distinctionem,

271 3979 338 4043 quaa
372 3960 440 4043 ipso
473 3961 635 4026 verborum
669 3959 775 4024 ordine
807 3958 1012 4042 significatur,
1051 3957 1184 4024 filiorum
1218 3959 1340 4022 nomine

271 4066 361 4133 initio
383 4067 543 4132 sententia
571 4067 680 4148 posito.
738 4066 848 4149 ltaque
879 4066 1016 4147 primum
1048 4063 1242 4130 scribendum
1275 4065 1340 4128 eat:
