2974 4660
585 291 796 348 Demosthenes.
1142 291 1181 350 41

157 501 228 560 τοῖς
263 479 358 563 orius,
390 483 539 574 μάλιστα
575 490 608 556 δὲ
641 485 761 578 τούτῳ.
816 488 886 554 Non
920 488 1010 553 huie
1040 487 1119 571 legi,
1157 507 1227 570 quae

155 595 291 676 proxime
313 598 552 662 commemoratu
582 598 638 670 est,
668 596 819 662 contraria
841 594 975 659 maxime
998 597 1067 659 erat
1089 613 1134 668 ea,
1157 613 1227 676 quae

156 699 324 778 accusatur,
357 699 416 767 hoe
448 702 505 785 ert,
537 701 605 782 ipsa
637 703 697 768 sibi
718 702 773 784 (-
795 719 865 766 num
900 699 968 782 ipsu
999 699 1055 765 illa
1089 719 1224 766 cumme-

157 806 277 870 muratu
311 807 378 871 eret
399 813 461 886 -),
492 806 546 872 sed
586 827 657 872 eum
689 809 831 872 universa
860 807 1010 884 omnibue
1035 826 1101 889 quae
1124 810 1224 872 exsta-

156 912 241 988 bant,
274 912 395 994 legibus
428 915 581 978 contraria
614 915 690 987 erat,
724 913 790 978 tum
824 912 956 976 maxime
989 913 1057 987 hoe,
1098 912 1135 978 de
1166 931 1227 996 quo

158 1015 275 1082 dietum
302 1020 378 1096 eret,
401 1019 467 1084 eius
489 1019 590 1102 caput.
635 1019 791 1100 Scriptum
812 1017 907 1102 igitur
929 1019 1043 1084 suerat:
1076 1014 1223 1102 Ιοδλιοια

158 1124 192 1188 δὲ
215 1124 358 1204 morire,
381 1127 475 1207 etque
496 1124 577 1190 inter
599 1145 632 1192 se
655 1125 828 1189 referuntur
851 1126 919 1189 totu
940 1125 990 1190 lex
1012 1126 1043 1190 et
1058 1145 1128 1206 pars
1146 1125 1223 1193 eius.
1310 1187 1313 1192 .

261 1263 339 1330 lbid.
350 1266 427 1329 115:
452 1261 532 1349 ρ’ίετο
544 1263 609 1353 γιίρ
621 1267 692 1332 δεῖν
714 1259 776 1331 τόν
790 1289 829 1350 ye
842 1258 884 1328 τιί
901 1261 1020 1349 αἰσχροί
1038 1273 1116 1354 ἔργα
1128 1273 1226 1354 ἔργα·

157 1363 303 1456 Ιζόμενον
335 1369 385 1455 reri
420 1367 442 1436 α’
475 1368 641 1456 ω’φείλετο
663 1367 775 1458 μόνον
805 1364 978 1437 α’τιοδόντα
1003 1366 1224 1462 ιῖτιηλλιίχδοι

156 1481 290 1556 (πολλοὶ
322 1476 385 1564 νοίρ
409 1474 454 1545 οίν
476 1474 566 1566 urire]
591 1473 730 1546 ε’διίκοον
753 1475 841 1545 οὕτω
863 1473 895 1564 γ’
917 1483 948 1543 οἱ
977 1482 1116 1546 κλίνεται
1153 1488 1225 1548 ἔσε·

158 1593 259 1662 σθαι,
283 1590 313 1651 εἰ
345 1589 503 1671 μέλλοιεν
526 1581 696 1660 λαθόντες
725 1591 790 1670 Ιιιίν
813 1593 911 1661 ἕξειν,
933 1581 982 1669 ,κη’
1007 1582 1175 1660 λαθόντες
1198 1582 1229 1654 δ”

157 1687 246 1760 αιίτιί
269 1687 379 1776 μόνον
402 1689 615 1777 καταθήσειν
630 1687 653 1758 ίί
668 1687 861 1776 ὑφείλοντο)
886 1717 914 1756 κ.
930 1718 959 1758 τ.
976 1695 1004 1758 λ.
1039 1693 1223 1758 Tollendum

157 1795 329 1867 necessario
363 1796 414 1880 δν,
449 1801 531 1884 quod
564 1819 662 1882 neque
695 1818 765 1864 eum
796 1791 936 1864 ἐδόκουν
958 1798 1101 1884 coniungi
1123 1799 1228 1881 potest

158 1918 213 1983 (-
232 1926 332 1990 neque
365 1907 447 1972 euim
480 1907 536 1972 hoe
568 1906 648 1990 legis
681 1905 800 1971 uueturi
826 1906 926 1970 visum
950 1907 1040 1975 esset,
1063 1905 1118 1970 sed
1141 1905 1227 1970 vide-

157 2015 248 2078 batur
270 2023 332 2091 -)‚
355 2031 453 2095 neque
476 2033 545 2078 eum
570 2019 718 2080 ἔοεοδοι.
765 2011 831 2092 [Sic
852 2011 1010 2088 δολίοισι]

265 2170 344 2238 lbid.
368 2169 443 2232 201:
473 2170 581 2236 καίτοι
604 2167 697 2246 ὅστις
718 2173 851 2255 μέλλων
874 2162 1145 2254 κληρονομήσειν
1166 2171 1229 2253 τῆς

157 2271 310 2361 rimulae,
342 2271 386 2344 οίν
417 2272 545 2352 ἐκεῖνός
574 2305 606 2344 τι
636 2273 751 2366 πείθῃ,
782 2271 832 2362 μή
856 2279 961 2342 οίεται
993 2275 1064 2341 δεῖν
1087 2282 1229 2350 ἐκτῖσαι,

157 2377 243 2450 α’λλοί
267 2385 468 2469 κερδαίνειν,
492 2381 532 2450 ὂν
556 2391 682 2459 ἐκεῖνος
710 2387 749 2474 ζῇ
778 2378 914 2470 χρόνον,
945 2375 1033 2458 α’ξισῑ
1061 2383 1163 2448 τοῦτο
1187 2380 1226 2448 τό

159 2492 286 2576 κέρδος,
309 2494 402 2565 τινος
425 2487 470 2558 σίν
492 2487 578 2576 δριῑν
600 2486 813 2577 οἷποσχὲοδαι
833 2492 925 2556 δοκεῖ
934 2515 944 2568 3
979 2491 1120 2562 Lucrum,
1145 2489 1226 2571 quod

157 2597 350 2664 Timocrates
382 2599 513 2682 turpiter
546 2617 605 2662 οοα
640 2599 766 2680 spernit,
800 2597 935 2681 positum
963 2598 1011 2660 est
1039 2594 1070 2657 in
1093 2613 1127 2658 eo
1149 2596 1226 2676 ipso,

157 2705 248 2786 quod,
271 2705 418 2787 quamdiu
442 2707 528 2788 pater
540 2705 632 2779 vivat,
656 2723 714 2769 nun
737 2704 882 2777 exsolvat,
899 2701 979 2785 quod
995 2701 1022 2764 is
1036 2699 1081 2765 rei
1094 2699 1229 2783 publicae

158 2807 284 2888 debeam
313 2810 420 2893 itaque
447 2811 505 2876 hue
533 2812 655 2892 tempus
683 2809 761 2874 lueri
788 2809 872 2888 feeit,
902 2807 1071 2892 κερδαίνει
1100 2807 1225 2872 τοῦτον

158 2910 221 2982 τδν
242 2909 374 3002 χρόνον,
397 2936 456 2982 non
479 2935 533 2999 per
554 2917 612 2982 hoe
639 2917 761 2997 tempus
784 2915 869 2980 aliud
899 2915 1019 2980 lucrum
1041 2915 1152 2996 quaerit
1173 2916 1229 2980 aut

157 3023 261 3088 habet.
319 3021 563 3099 Valderereor,
597 3042 635 3088 ne
668 3023 761 3087 rerba
789 3024 890 3088 τοῦτο
921 3017 959 3087 ru*
983 3020 1098 3105 κέρδος
1120 3020 1227 3086 addita

158 3127 222 3194 siut
253 3129 291 3194 ab
324 3129 439 3211 atiquo,
471 3131 525 3213 qui
553 3129 738 3194 seutentiam
767 3131 929 3196 uerborum
954 3127 1156 3212 κερδαίνειν,
1187 3121 1230 3191 δν

159 3240 285 3308 ἐκεῖνος
307 3237 347 3324 ζῇ
368 3230 490 3323 χρόνον
512 3255 570 3300 nun
595 3235 788 3301 intellexerit.

265 3359 342 3424 lbid.
356 3360 434 3423 209:
459 3359 675 3438 (Timocrates)
684 3352 934 3442 νόριονιὲθεικε
945 3359 1109 3442 φανεροῖς,
1121 3354 1157 3430 ὃς
1168 3352 1231 3421 οὐκ

159 3461 337 3554 α’νοίννωοι
365 3461 404 3532 τδ
435 3461 680 3551 δεσμωτήριον,
703 3459 788 3531 α’λλιί
814 3463 1227 3549 καθαιρεῑ,-τιροσιιεριεί-

159 3578 245 3658 ληφε
269 3575 381 3641 δὲκαὶ
405 3569 447 3638 τοί
472 3567 680 3658 δικαστήρια.
705 3572 756 3644 τίς
778 3569 842 3658 γάρ
865 3564 1073 3657 ἧτοιίτωνῆ
1090 3569 1229 3635 ἐκείνων

159 3682 265 3768 χρεία,
288 3677 374 3745 ὅταν
390 3677 440 3753 οἷς
454 3681 633 3766 τετίμηται
650 3678 779 3764 δεσμοῦ
794 3669 953 3754 λύωνται,
969 3671 1034 3742 κοίν
1048 3672 1087 3743 τό
1104 3671 1227 3742 λοιττδν

159 3781 325 3872 τιμήσητέ
353 3813 411 3875 τῳ,
439 3787 548 3872 μηδὲν
571 3779 658 3871 δριῐν
680 3778 702 3875 ἤ
725 3787 848 3864 πλέον,
890 3783 1069 3851 Necessario
1091 3784 1224 3849 seriben-

160 3894 250 3958 dum:
284 3894 335 3966 τίς
356 3889 420 3980 γιίρ
444 3889 467 3979 ἧ
490 3887 621 3960 τούτων
644 3894 724 3972 (τῶν
747 3891 983 3977 δικαστηρίων)
1006 3885 1029 3975 ἤ
1053 3891 1229 3958 ἐκείνου

160 3999 235 4078 (τοῦ
259 4001 504 4085 δεσμωτηρίου)
527 4000 642 4086 χρείας
688 3999 882 4066 Pronomiuis
911 4017 1056 4064 numerus
1084 3999 1123 4064 ab
1146 3998 1227 4064 osei-

159 4109 246 4172 tunte
269 4106 394 4172 librario
417 4105 665 4172 accommodatus
689 4107 737 4171 est
759 4106 798 4170 ad
820 4099 960 4172 τούτων.
