3012 4652
567 297 705 354 Ciceronis
724 296 857 367 epistolae.
1145 295 1204 362 185

177 496 286 562 terit.
341 495 463 561 locatur
489 494 591 562 Gaesar
622 516 655 562 se
686 496 868 576 Dolabella,
899 497 979 581 quod
1009 497 1075 564 tarn
1095 495 1247 564 iucundus

177 603 236 670 sibi
258 603 308 683 sit,
330 600 448 668 nullam
480 603 612 686 gratiam
636 602 769 683 habere,
803 604 947 688 quoniam
973 603 1167 670 Dolabellam
1191 623 1248 670 sua
1356 609 1358 613 ’
1438 615 1439 618 ’

178 713 287 777 natura
318 712 411 793 cogat
440 709 606 775 iucundum
639 709 752 777 (lauari
780 729 858 791 csse,
892 729 992 795 neque
1023 711 1115 777 aliter
1147 711 1246 778 iacere

176 818 283 902 possit
325 815 479 899 Seriphum
502 816 600 901 igitur
620 816 773 884 aOaasare
794 817 910 884 iuerat:
933 833 994 884 neo
1007 816 1078 885 idco
1093 816 1246 884 habebo

178 922 351 1010 gratiam
374 921 461 999 illi;
484 940 611 1007 neque
633 924 735 990 enim
757 925 882 992 aliter
902 925 1036 992 iacere
1058 925 1198 1009 potarat.

277 1028 356 1096 lbid.
378 1027 517 1110 Χ,8,4;
539 1031 597 1118 An
620 1031 686 1114 qui
708 1031 881 1110 (Manui)
903 1030 1163 1098 valdohicin
1185 1031 1247 1096 ab·

178 1137 308 1205 sentis
327 1136 439 1202 solus
455 1136 699 1216 tuliscelus,
717 1139 994 1205 eiusdemcnm
1010 1139 1188 1221 Pompeio
1209 1139 1247 1202 et

177 1243 808 1328 cumreliquisprincipibnsuon
828 1246 975 1312 ieram?
1000 1244 1246 1312 Praeterualde

177 1353 340 1420 manifesto
363 1353 541 1434 corruptum
564 1352 722 1418 offendunt
742 1353 879 1436 graviter
899 1355 930 1418 in
950 1352 1154 1436 comparando
1177 1370 1247 1435 pro·

177 1460 301 1525 nomina
322 1476 381 1523 non
404 1459 486 1524 recte
508 1457 591 1524 inter
613 1477 646 1524 sc
662 1460 777 1534 relata3
799 1478 871 1526 nam
893 1460 1073 1526 ciusdem
1089 1459 1246 1537 (Gaesarie)

177 1583 301 1648 prorsus
330 1564 452 1650 flagitat
480 1565 644 1632 relativum
678 1566 718 1632 ad
750 1567 880 1633 eundem
913 1566 1065 1633 Gasaram
1103 1566 1245 1644 relatum,

177 1693 248 1738 cnm
269 1671 443 1756 prasertim
472 1671 560 1737 nulla
589 1673 653 1738 alia·
678 1673 743 1738 clus
765 1673 798 1744 in
820 1673 950 1740 relativa
972 1674 1127 1740 sententia
1148 1673 1246 1758 sigui·

176 1780 282 1846 ficatio
304 1780 353 1846 sit
401 1778 508 1844 Prima
530 1779 668 1846 adverbii
689 1778 807 1846 ualde
829 1781 935 1848 littera
957 1783 1025 1846 orta
1046 1783 1094 1846 est
1116 1799 1152 1846 er
1167 1799 1247 1863 prae·

177 1886 301 1954 cedenti
317 1887 506 1970 pronomine,
529 1886 648 1969 luitque
670 1885 736 1952 haec
750 1887 913 1952 sententia
927 1884 1042 1953 forma:
1064 1888 1139 1965 An,
1156 1887 1246 1954 cuius

177 1993 285 2060 adhuc
306 1994 345 2058 iu
367 1994 552 2060 absentis
568 1992 940 2072 solustulisoalus‚
957 1993 1135 2059 eiusdem
1146 2039 1222 2056 .....
1232 2001 1246 2057 i

178 2101 288 2168 Adhuc
308 2103 339 2167 in
362 2101 543 2184 Pompeium
572 2099 786 2186 principesque
813 2100 958 2166 absentee
985 2098 1087 2166 Caesar
1113 2101 1191 2166 iram
1215 2104 1247 2166 et

177 2207 277 2276 scelus
300 2210 485 2274 exercuerat.
535 2208 639 2291 Ipsam
660 2207 814 2275 Ciceronis
844 2226 969 2274 rnauurn
992 2208 1024 2275 in
1048 2207 1177 2274 adhuc
1197 2226 1246 2272 re·

179 2315 321 2382 stitntam
344 2332 405 2380 uon
428 2313 558 2394 affirmo,
579 2317 612 2380 et
632 2315 745 2396 tomen
768 2316 804 2382 nt
824 2315 958 2394 credam,
980 2314 1101 2381 inclino.
1116 2316 1147 2392 *l

280 2421 360 2488 ltin.
382 2425 401 2506 ξ
424 2421 462 2487 6:
490 2421 572 2488 Iam
602 2422 748 2506 quibus
778 2423 918 2488 utatur
946 2422 1010 2487 uel
1038 2423 1164 2488 sociis
1186 2423 1247 2489 vel

84 2616 87 2621 ,
178 2528 401 2605 ministris,
435 2529 469 2593 si
500 2527 531 2592 ii
553 2527 614 2607 (Μ1
637 2528 759 2593 tantum
790 2527 837 2606 si)
868 2529 1122 2611 provincias,
1156 2529 1248 2594 eiii

179 2637 240 2714 (lll
264 2637 311 2714 si)
332 2653 411 2701 rem
432 2633 637 2717 publicam
659 2635 821 2718 regent,
850 2653 1016 2716 qnorum
1039 2654 1150 2702 nemo
1173 2636 1247 2702 duo

179 2763 333 2811 menses
365 2741 502 2827 potuit
534 2741 822 2824 patrimonium
856 2757 968 2806 suurn
997 2744 1248 2825 gubernare?

180 2851 396 2917 Scribonium:
422 2851 501 2916 lam
523 2848 875 2934 quibusutetnruel
893 2847 1019 2914 sociis
1041 2849 1103 2916 uel
1124 2851 1247 2917 mini·

179 2957 303 3023 stris?
323 2958 356 3020 li
375 2957 611 3039 provincias,
626 2957 655 3022 ii
670 2975 750 3022 rem
765 2954 967 3040 publicam
983 2958 1139 3041 regent,
1156 2977 1248 3041 quo·

178 3083 260 3129 rum
282 3081 392 3129 namo
497 3064 745 3148 gubernare?
767 3061 874 3128 Manlii
895 3081 931 3128 cr
952 3063 1115 3148 geminatis
1132 3064 1247 3132 litteris

179 3169 264 3255 origo
278 3169 440 3253 perspicua
456 3175 512 3236 est.
537 3169 684 3236 Utetur
701 3172 763 3236 iarn
779 3168 1018 3254 Wesenbergius
1034 3174 1066 3236 et
1079 3170 1245 3256 Kayserus.

278 3294 359 3360 Ibid.
385 3297 433 3372 10,
458 3295 492 3359 l:
521 3295 614 3360 Misi
642 3295 687 3360 ad
710 3295 749 3360 te
771 3293 976 3377 epistolam
999 3295 1171 3360 Antonii.
1205 3295 1248 3360 Ei

179 3419 265 3468 cnm
290 3419 360 3486 ego
382 3401 596 3485 saepisslme
625 3403 871 3485 scripsissem
903 3398 1006 3466 nihil
1034 3419 1089 3464 me
1111 3401 1248 3468 contra

179 3508 338 3574 Oaesaris
366 3509 542 3576 rationes
571 3509 833 3592 cogitare...
858 3551 876 3585 .,
902 3525 958 3572 me
987 3510 1128 3586 autern,
1158 3508 1247 3591 qnia

179 3633 259 3680 oum
296 3615 506 3681 lictoribus
541 3615 692 3680 inuitus
726 3631 934 3691 aureatam,
975 3614 1112 3679 abesse
1144 3613 1246 3680 velle

232 3873 258 3943 *)
276 3873 327 3943 Ep.
347 3872 373 3941 4,
391 3872 409 3926 2
427 3877 629 3940 annotatorum,
653 3869 781 3940 quoniam
811 3871 1006 3941 exspoliare
1034 3871 1179 3942 aliquem
1207 3887 1245 3927 ex

221 3957 222 3960 ’
277 3964 455 4036 provincia
481 3965 550 4021 nihil
575 3965 620 4034 eit,
639 3964 814 4021 scribendum
833 3980 906 4021 esse:
933 3965 1095 4036 persequi
1122 3965 1150 4022 et
1177 3966 1245 4021 alia

277 4060 453 4130 prouincia
464 4058 658 4131 exspoliare
671 4065 824 4129 conatnr;
833 4065 933 4130 postea
942 4058 1025 4114 didici
1033 4058 1106 4114 idem
1119 4059 1245 4116 limantio

278 4160 306 4210 et
325 4153 470 4210 Schuetzio
488 4153 636 4224 placuisse,
655 4152 678 4208 si
696 4152 799 4210 Orellio
818 4153 925 4223 credas,
944 4151 1057 4225 „malc“.
