3012 4652
291 301 352 366 m
648 302 918 373 mmmm

350 501 429 566 Ibid.
453 499 500 579 18,
523 501 557 565 5:
580 499 775 578 Maximus
796 485 928 566 autem
1031 499 1071 564 in
1093 519 1134 564 rc
1156 498 1319 583 publica

249 607 375 676 nodus
410 610 471 672 est
503 606 640 689 inopia
668 605 728 672 rei
756 606 1020 689 pecuniariae3
1042 604 1319 672 obdurescunt

250 712 353 779 enim
376 714 503 796 magis
523 713 709 796 quotidie
731 713 825 779 boni
846 711 1318 790 ririadaooemtributi,

250 819 352 902 quod
384 837 428 884 ex
459 820 683 886 centesima
715 819 910 887 collatum
937 819 1168 903 impudenti
1197 837 1318 884 ceusu

249 927 521 1009 locupletium
545 926 586 992 iu
608 927 773 992 duarum
795 925 1318 1010 legionumpramiisomne

249 1034 509 1099 eonsumitur.
557 1032 626 1099 Non
648 1034 687 1098 ad
708 1033 799 1098 unius
820 1033 898 1099 certi
920 1033 1041 1109 tributi,
1065 1032 1145 1116 quod
1168 1031 1231 1096 iam
1253 1031 1318 1097 col-

249 1138 348 1205 latum
380 1140 446 1204 erat
474 1142 505 1204 et
535 1140 783 1213 consumebatur.
811 1159 916 1206 vocem
936 1139 1198 1205 obsurdescebant
1218 1155 1318 1216 aures,

249 1245 314 1324 ssd,
338 1244 420 1329 quod
442 1264 479 1310 ex
498 1244 566 1328 ipso
588 1245 671 1312 uocis
693 1245 817 1311 nomine
838 1244 972 1329 intelligi
993 1248 1107 1328 potest,
1132 1244 1256 1310 omnino
1277 1243 1319 1308 ad

248 1350 358 1416 tributi
390 1351 588 1417 mentionem.
643 1351 754 1435 Itaque
786 1354 856 1434 post
887 1352 1039 1418 tributi
1072 1351 1169 1417 oratio
1197 1350 1318 1434 plenius

248 1457 493 1541 interpungeuda
522 1462 584 1535 est;
612 1461 683 1524 tum
712 1459 877 1542 separatim
907 1457 1071 1534 indicatur,
1104 1457 1180 1542 quid
1201 1459 1316 1524 iactum

249 1563 291 1630 sit
312 1566 442 1647 pecunia
463 1564 615 1649 singulari
637 1566 728 1643 modo
751 1567 879 1632 collata:
904 1565 1005 1649 quod
1027 1583 1070 1631 ex
1092 1563 1318 1630 centesima

250 1671 443 1739 collatum
456 1673 644 1755 <st>...‚
667 1673 706 1737 iu
729 1673 890 1738 duarum
914 1671 1119 1757 legionum
1141 1673 1318 1755 praemiis

249 1797 358 1844 omne
393 1781 654 1844 consu-mitur.
706 1778 786 1859 Quid
815 1781 846 1844 in
868 1779 971 1845 uerbis
994 1778 1187 1860 interpositis
1209 1779 1316 1858 lateat,

249 1884 374 1952 dilfioile
406 1891 454 1950 est
487 1886 588 1964 diotu3
624 1875 694 1952 nam
723 1887 887 1968 impudens
917 1903 1027 1951 census
1056 1883 1106 1950 vix
1131 1885 1192 1950 dici
1215 1888 1319 1968 potest

248 2010 303 2074 pro
326 1992 534 2059 aestimatione
554 1993 729 2075 impudenti
750 1994 951 2071 fortunarum,
974 2010 1035 2074 qua
1053 1991 1224 2074 locupletes
1246 2011 1317 2059 oen·

247 2097 390 2162 tesimam
414 2097 502 2164 illam
522 2099 755 2175 imminuerint3
785 2116 900 2174 uereor,
922 2117 961 2163 ne
983 2113 1142 2166 consensu
1168 2099 1317 2182 seriptum

248 2203 352 2283 fuerit,
374 2222 572 2288 quamquam,
595 2225 648 2270 cur
665 2207 693 2270 is
714 2207 878 2288 impudens
900 2205 1030 2282 dicatur,
1052 2224 1113 2272 non
1136 2206 1286 2290 intelligo.

352 2311 429 2376 lbid.
449 2313 489 2391 11,
516 2313 544 2390 1,
565 2312 600 2376 3:
628 2331 670 2376 ex
692 2331 749 2377 ms
770 2314 904 2378 autem
926 2311 1032 2377 illud
1055 2313 1133 2390 est,
1156 2316 1259 2396 quod
1279 2315 1319 2377 te

250 2418 369 2485 velim
392 2417 540 2484 habere
562 2420 785 2504 cognitum,
815 2438 943 2492 meum
970 2418 1130 2503 quidem
1152 2420 1319 2486 animum

249 2525 290 2591 in
319 2525 404 2592 acis
438 2544 527 2592 ease
559 2545 686 2610 neque
713 2531 944 2611 respectum
974 2526 1102 2591 ullum
1125 2542 1316 2610 querere,

250 2634 330 2700 nisi
373 2632 643 2699 meutilitas
680 2632 871 2699 civitatis
906 2633 1012 2698 forte
1056 2633 1317 2699 converterit.

250 2741 425 2808 Maiores
447 2741 577 2805 autem
601 2742 737 2823 partes
763 2741 886 2805 animi
908 2742 947 2805 te
969 2737 1233 2823 Cassiumque
1255 2757 1317 2803 re·

250 2847 442 2930 spiciunt.
497 2845 629 2926 Quantis
657 2844 840 2911 demonibus
872 2846 911 2911 ab
938 2846 987 2924 iis,
1003 2846 1069 2927 ¹qui
1092 2845 1148 2910 has
1170 2845 1317 2928 epistolas

206 2947 208 2954 ’
251 2955 289 3019 ab
312 2954 454 3019 Cicerone
477 2950 697 3028 abiudicarunt,
732 2952 878 3035 exagitari
911 2950 1081 3019 debuerunt
1111 2953 1158 3018 hee
1185 2951 1318 3017 maiores

250 3062 354 3144 partes
387 3058 485 3124 animi
517 3057 671 3123 Ciceronis
704 3057 836 3122 Brutum
869 3061 901 3123 et
927 3057 1066 3126 Cassium
1101 3058 1317 3140 respicientes!

250 3165 332 3233 Vera
353 3167 386 3231 ot
406 3164 604 3230 Ciceroniana
625 3163 723 3229 oratio
746 3165 778 3230 et
799 3164 953 3230 sententia
971 3165 1119 3253 facillime
1137 3161 1318 3232 restituetur

249 3273 339 3338 unius
370 3269 518 3337 litterulae
550 3269 731 3336 mutatione.
779 3270 884 3337 Cicero
917 3273 998 3338 euim
1026 3291 1044 3337 a
1070 3291 1126 3338 suo
1156 3273 1257 3338 animo
1284 3274 1316 3337 in

249 3379 314 3446 acie
346 3377 441 3445 eunti
473 3380 669 3459 separaverat
704 3380 874 3444 ceterorum
897 3383 929 3444 et
949 3376 1158 3448 multitudinis
1181 3377 1314 3443 animos:

251 3475 382 3552 llaioris
413 3486 547 3554 autem
578 3484 683 3570 partis
717 3484 842 3553 animi
876 3485 916 3550 te
953 3484 1219 3566 Cassiumque
1254 3501 1316 3548 re·

249 3592 441 3675 spiciunt.

350 3707 428 3776 lbid.
445 3727 492 3792 ep.
508 3709 528 3772 3
544 3727 610 3793 sqq.
654 3709 690 3774 ln
711 3709 884 3794 fragmento
906 3709 1005 3776 lacero
1028 3708 1151 3786 codicis,
1167 3725 1227 3791 quo
1242 3725 1315 3772 usus

251 3816 308 3892 est,
352 3814 405 3898 qui
440 3815 496 3881 has
537 3818 688 3882 extremas
730 3815 877 3898 epistolas
916 3816 948 3880 in
986 3813 1120 3881 editione
1156 3813 1315 3878 Cratandri

249 3922 397 4009 protraxit
433 3923 465 3986 ot
501 3922 657 4008 vulgavit,
695 3923 879 3989 confusionis
906 3927 947 3988 ‘et
979 3921 1175 3988 obscuritatis
1198 3919 1316 4004 aliquid

249 4027 318 4107 fuit,
362 4047 422 4112 qua
465 4026 606 4094 effectum
651 4029 708 4108 est,
750 4031 792 4093 ut·
828 4029 986 4112 particule
1029 4027 1169 4112 quadam
1202 4028 1315 4109 episto·

249 4132 349 4199 larum
385 4137 633 4215 permutarentur
666 4139 698 4202 et
730 4135 831 4200 clieuo
863 4137 928 4202 loco
964 4132 1180 4202 insererentur.
1237 4133 1316 4198 Cum
