3008 4654
611 303 717 359 Plinius
735 304 829 358 minor.
1152 301 1212 365 217

187 499 289 564 locum
310 501 407 578 tenet,
429 501 582 583 scriptura
602 501 776 568 faciendum
808 505 874 567 erat
900 503 1069 578 vacuetur,
1098 521 1157 566 non
1187 519 1260 566 va-

188 607 300 673 cuari
322 608 526 686 rideatur;
548 609 586 674 de
609 627 641 673 re
658 608 749 686 enim,
766 627 826 674 non
842 609 880 673 de
895 609 1005 692 specie,
1026 610 1137 692 agitur.
1160 607 1261 672 Paulo

187 720 258 796 post
279 716 313 793 (ξ
335 718 378 794 4),
401 715 455 781 ubi
476 713 594 780 editur:
625 715 839 780 Enimvero
870 715 904 780 si
924 716 1086 798 placeat
1108 717 1256 780 fossam

188 820 350 906 longius
373 821 516 886 ducere
538 822 577 886 et
604 822 736 886 artius
764 840 943 903 pressam
975 822 1072 886 mari
1100 839 1258 904 aequare
1294 800 1299 820 ¹

187 931 256 1005 cet,
280 927 473 993 scribendum
498 931 563 994 est:
596 935 634 994 et
663 926 763 994 altius
783 947 980 1010 pressarm
1009 948 1078 992 narn
1109 929 1202 994 altius
1225 936 1256 992 et

186 1035 218 1098 in
241 1033 421 1117 protundum
447 1037 516 1099 acta
538 1035 618 1100 fossa
639 1036 741 1100 lacum
770 1036 846 1099 mari
872 1036 991 1117 aequat;
1025 1053 1116 1117 quarn
1151 1036 1256 1100 artum

189 1141 297 1218 sitos,
319 1141 396 1212 nibil
419 1143 457 1206 ad
478 1141 558 1207 banc
578 1159 643 1206 rem
664 1142 808 1223 pertinet.
856 1143 921 1222 [Sic
943 1143 1003 1206 iarn
1028 1140 1208 1226 Gierigius]

288 1247 366 1314 Ibid.
395 1249 446 1318 82.
479 1251 512 1314 l:
545 1267 628 1314 cunr
661 1250 909 1331 propositum
946 1268 1068 1314 meum
1106 1250 1256 1331 optime

187 1373 326 1428 nosses
357 1373 430 1420 non
464 1373 507 1420 ex
540 1355 646 1420 metu
679 1372 749 1420 neo
780 1357 938 1420 terrore
964 1355 1166 1420 bominum
1190 1355 1258 1419 aut

189 1461 430 1526 criminibus
453 1461 686 1527 maiestatis
708 1461 979 1526 reverentiam
1003 1460 1152 1525 nomini
1175 1478 1256 1525 rneo

188 1567 358 1657 adgquiri.
403 1566 573 1652 corrigitur
595 1566 826 1651 adquirere;
853 1567 953 1632 multo
976 1570 1008 1632 et
1028 1567 1142 1632 rectius
1165 1573 1197 1631 et
1217 1566 1259 1630 ad

189 1673 292 1738 mendi
329 1673 477 1759 originem
515 1673 726 1756 explicandam
764 1673 969 1756 probabilius:
1006 1674 1256 1758 propositum

191 1825 199 1842 .
224 1826 232 1843 .
256 1826 263 1840 .
287 1826 294 1841 .
318 1779 520 1867 adquirendi.

288 1888 364 1953 Ibid.
388 1889 445 1952 93:
469 1889 682 1954 Arnisenos
705 1934 712 1948 .
737 1933 745 1949 .
769 1934 776 1949 .
801 1888 867 1965 „si
894 1887 1057 1971 legibus
1078 1886 1257 1962 istorum,

189 1996 335 2078 quibus
364 1994 409 2060 de
444 1996 587 2060 officio
618 1995 781 2061 foderis
810 1995 996 2070 utuntur,
1022 2010 1255 2058 concessum

60 2121 71 2131 ·
190 2099 1262 2184 esteranumbabere‚possumus,quominusbabeantr

191 2226 265 2273 non
288 2207 486 2291 impedire
508 2211 566 2274 cet.
614 2208 828 2274 scribendum:
854 2208 887 2272 si
913 2206 1074 2290 legibus
1104 2205 1260 2291 ipsorum*

190 2315 336 2398 quibus
359 2314 512 2384 beneflcio
534 2315 698 2380 t'oederis
726 2315 911 2392 utuntur,
944 2331 1176 2380 concessum
1199 2319 1267 2378 ost-

190 2426 247 2486 cet.
304 2422 444 2488 Amiseni
477 2421 622 2487 beneficio
659 2420 781 2485 sadans
817 2421 882 2486 suis
917 2419 1037 2504 legibus
1073 2419 1255 2492 utebantur;

189 2529 312 2594 diversa
344 2533 410 2594 erat
442 2527 580 2595 condicio
613 2546 728 2603 eorum,
761 2527 824 2610 qui,
857 2528 893 2590 ut
922 2526 1013 2607 paulo
1043 2527 1113 2609 post
1135 2525 1257 2599 dicitur,

189 2635 329 2701 Romano
352 2636 418 2702 iure
440 2635 579 2698 obstricti
602 2639 697 2698 erant.
741 2634 920 2715 Ipsorum
943 2632 1004 2698 iarn
1029 2630 1175 2696 Orellius.

290 2753 404 2837 Paneg.
427 2752 468 2815 ³0
491 2753 542 2828 (de
564 2751 628 2816 Nili
650 2751 847 2816 inundatione
863 2752 965 2815 minus
981 2751 1103 2833 plena):
1126 2749 1267 2833 Neque·

191 2861 292 2923 enim
316 2859 441 2925 solum
465 2877 589 2942 vagus
611 2857 702 2936 ille,
732 2876 814 2922 curn
839 2857 1097 2941 expanditur,
1129 2857 1257 2922 amnis

190 2965 299 3030 intra
321 2968 515 3047 usurpata
544 2983 700 3046 semper
726 2965 895 3030 collium
923 2964 1173 3030 substiterat
1194 2965 1256 3028 ab·

190 3089 263 3154 que
284 3072 472 3150 haeserat,
495 3071 562 3136 sed
585 3071 728 3152 supino
750 3071 872 3135 etiarn
897 3088 939 3135 ac
960 3071 1156 3144 clementi
1175 3073 1257 3136 solo

189 3180 247 3244 cet.
306 3178 373 3245 Non
410 3198 477 3244 sum
511 3177 636 3256 oblitus,
671 3194 762 3259 quam
796 3176 894 3242 libere
925 3182 997 3259 post
1025 3176 1197 3261 Vergilium
1225 3179 1258 3240 et

162 3309 164 3312 ·
189 3286 310 3352 Livium
334 3285 460 3351 Tacitus
489 3286 522 3349 et
550 3282 602 3348 alii
626 3283 685 3348 hac
712 3276 856 3348 adiectivi
878 3289 932 3348 aut
954 3283 1107 3366 participii
1130 3282 1256 3364 pluralis

189 3394 306 3456 numeri
330 3411 399 3457 cum
422 3392 562 3476 genetivo
584 3389 796 3456 coniunctione
815 3390 862 3454 usi
878 3389 941 3453 sint
956 3389 1107 3464 (Gramm.
1124 3389 1192 3452 bat.
1209 3389 1257 3454 ed.

190 3497 236 3561 ΙΙΙ
260 3498 280 3577 ξ
303 3497 364 3562 281
386 3501 448 3563 not.
471 3499 514 3575 b),
537 3515 593 3562 nec
613 3516 663 3561 me
686 3503 798 3572 movet,
821 3495 902 3578 quod
925 3496 989 3560 eius
1013 3499 1132 3578 generis
1155 3513 1256 3559 exem-

189 3603 277 3685 plum
299 3602 380 3685 apud
402 3603 482 3668 buno
505 3605 654 3668 minorem
672 3600 807 3664 Plinium
821 3600 943 3665 nullum
962 3601 1082 3676 notavi;
1104 3600 1137 3666 id
1159 3601 1256 3666 offen-

190 3708 248 3787 dit,
271 3709 351 3792 quod
376 3728 473 3792 neque
494 3711 591 3791 partis
613 3704 698 3772 notio
720 3706 867 3771 hocloco
889 3712 961 3789 apta
983 3712 1030 3772 est
1046 3714 1158 3790 (neque
1174 3709 1256 3772 enim

189 3817 292 3897 partes
315 3815 433 3898 aliquot
453 3815 588 3892 collium,
618 3811 674 3879 sed
702 3813 761 3876 toti
789 3811 881 3877 colles
908 3812 1134 3897 intelliguntur)
1158 3831 1258 3896 nequo

189 3921 388 4003 proprietatis
410 3940 480 3986 cum
495 3939 528 3986 re
543 3919 712 3986 coniunctae
732 3923 781 3995 (ut
796 3936 867 3984 oum
888 3920 1044 3984 incerta
1065 3939 1254 3986 rumorum

190 4028 364 4106 dicuntur);
397 4031 489 4111 atque
520 4026 579 4092 hoc
610 4027 710 4108 ipsum
745 4026 867 4104 ferrem,
898 4025 957 4091 nisi
987 4028 1148 4092 accederet
1166 4026 1259 4112 louge

189 4135 319 4219 gravior<
332 4132 456 4198 offensio
480 4151 516 4197 ex
537 4131 681 4197 adverbio
703 4136 885 4215 (semper)
900 4131 1056 4211 adiuncto,
1072 4133 1153 4217 quod
1168 4151 1259 4198 nemo
