2974 4660
298 302 338 364 14
674 300 737 356 Lib.
755 301 777 356 I.
797 303 861 370 Gap.
882 301 903 355 1.

256 497 358 573 index,
381 517 449 581 quae
471 496 539 582 ipsa
560 497 747 580 comparatio
769 497 1003 580 perversissima
1025 500 1088 575 est;
1124 495 1331 580 nequeenim

259 606 292 668 et
312 605 411 669 virtus
434 607 466 669 et
481 602 653 669 inimicitiae
668 604 804 679 vincunt
821 603 875 669 sed
890 602 946 666 iile
964 604 1069 680 vincit,
1086 604 1132 668 hae
1147 603 1333 676 vincentum

256 712 361 793 itaque
384 709 479 776 etiem
502 711 607 777 πλέον
635 728 690 793 pro
722 704 813 777 πολύ
840 708 1046 775 substitutum
1068 727 1193 790 pravam
1215 707 1336 774 efficiet

258 816 455 882 sententiam.
500 815 632 883 Videtur
654 816 824 900 Sophocles
847 815 1025 898 scripsisse:

356 921 432 1008 νικᾷ
453 915 518 1010 ya'p
542 916 645 1008 a‘pssp'
667 949 713 1009 pre
735 925 797 1010 τῆς
819 929 945 1014 ἔχθρας
967 924 1107 1000 πέλας,

257 1027 374 1106 „vincit
395 1046 445 1094 me
467 1030 565 1094 virtus
586 1029 762 1096 inimicitiis
785 1049 801 1094 e
823 1028 945 1114 regione
967 1028 1115 1094 adiuncta
1137 1029 1222 1094 etin
1244 1045 1332 1092 com·

257 1134 414 1217 paratione
436 1134 566 1217 poeitc“.

650 1317 813 1404 Euripidis
835 1316 931 1402 lenis,

257 1465 348 1529 qnam
385 1445 569 1531 tragaediam
593 1465 621 1511 a.
647 1446 727 1510 1879
759 1446 934 1530 philologia
963 1445 1110 1514 studiosis
1132 1446 1331 1514 necandam

257 1552 409 1635 proposui.
434 1557 499 1617 tum
522 1551 670 1617 ultimum
692 1553 872 1634 professoris
902 1572 1028 1619 munere
1057 1553 1200 1638 fungens,
1221 1554 1328 1636 ipsum

256 1657 381 1724 initium
404 1659 496 1741 equod
518 1659 549 1722 in
573 1658 731 1724 codicibus
753 1659 930 1725 huiusmodi
952 1661 1017 1725 est:

349 1760 467 1838 Ἄτλας
488 1761 507 1830 c‘
529 1766 696 1852 χαλκέοισι
718 1761 839 1840 νώτοις
861 1759 1023 1852 ου’ρανόν,

356 1873 450 1938 θεῶν
472 1867 622 1938 παλαιὸν
644 1872 751 1950 οἶκον,
774 1873 951 1959 ἐκτρίβων,
974 1871 1070 1938 θεῶν

355 1979 440 2064 μιᾶς
462 1986 564 2064 ἔφυσε
588 1983 708 2046 Μαῖαν
730 2004 758 2044 ιι.
780 2006 811 2046 τ.
834 1982 877 2048 λ.)

254 2086 361 2150 nestra
393 2086 485 2152 aetete
504 2086 691 2171 =philologos
724 2089 756 2152 et
788 2087 911 2152 venerit
939 2085 1138 2150 vehementer
1165 2083 1198 2149 et
1223 2082 1330 2148 abiis

254 2191 352 2257 etiarn
373 2191 591 2258 inclementius
614 2195 755 2258 vexatum
780 2195 837 2264 est,
867 2210 936 2256 meo
966 2191 1089 2273 quidem
1120 2191 1232 2256 indicio
1255 2209 1329 2256 cum

256 2299 418 2380 opprobrie
455 2299 589 2380 quedam
626 2299 701 2364 artie
738 2300 859 2365 criticae.
918 2297 995 2363 Cum
1044 2297 1125 2361 enim
1168 2296 1324 2361 Porsenns

255 2406 387 2485 primunr
412 2402 570 2488 tragoediae
592 2423 713 2470 versum
737 2404 801 2489 legi
824 2406 861 2478 ei,
884 2423 977 2487 quam
1002 2403 1157 2487 depensa
1180 2421 1323 2470 versuum

256 2510 444 2575 senariorum
468 2528 486 2574 a
506 2510 631 2592 tragicis
653 2515 806 2577 serratam
823 2511 976 2588 credebat,
993 2511 1149 2574 adversari
1164 2510 1210 2574 ita
1223 2511 1326 2574 enirn-

255 2617 449 2690 cdrertisset,
482 2619 519 2680 ut
551 2618 655 2681 tamen
687 2635 706 2680 a
738 2618 917 2702 corrigendo
950 2616 1129 2693 abstineret,
1160 2616 1328 2682 contentus

254 2741 423 2805 perpaucos
445 2741 551 2788 versus
574 2741 592 2786 a
611 2723 737 2806 tragicis
752 2722 811 2787 hac
825 2723 923 2788 forme
938 2722 1068 2804 scriptos
1086 2721 1195 2795 dicere,
1212 2717 1325 2786 deinde

254 2831 358 2894 autem
381 2829 413 2893 in
435 2829 534 2894 altero
556 2847 646 2894 versu
665 2828 864 2894 menifestum
879 2833 1037 2894 teneretur
1052 2827 1164 2893 vitium
1178 2825 1329 2892 orationis

255 2937 287 3000 et
308 2933 469 3000 sententia
492 2935 523 2998 in
545 2935 695 2999 vocabulo
718 2935 814 3001 θεῶν
842 2935 872 3000 in
902 2935 970 3017 ipso
999 2934 1088 2998 initio
1116 2935 1148 2997 et
1174 2933 1234 2996 fine
1257 2932 1327 2997 sine

253 3043 318 3106 ulla
339 3039 461 3106 artificii
484 3039 616 3105 alicuius
639 3040 834 3106 excusatione
864 3038 909 3105 sic
937 3040 1047 3124 posito,
1076 3043 1112 3106 ut
1137 3039 1232 3103 etiem
1252 3053 1326 3121 per-

253 3165 340 3211 verse
372 3148 472 3229 priore
506 3146 573 3212 loco
602 3146 772 3214 masculine
801 3164 913 3229 genere
936 3146 1133 3227 acciperetur,
1155 3145 1324 3229 posteriore

254 3252 400 3318 feminine
422 3253 533 3331 (θεῶν
564 3253 671 3337 μιᾶς),
705 3252 909 3318 recentissimi
942 3254 1076 3318 editores
1109 3252 1239 3335 utraque
1272 3267 1325 3314 re·

254 3356 454 3443 prehensicne
484 3359 515 3425 in
546 3377 638 3424 unam
669 3359 800 3424 conflata
821 3358 860 3424 ad
882 3377 950 3424 earn
973 3357 1177 3426 amovendam
1199 3373 1327 3440 prorsus

144 3523 149 3535 .
253 3465 426 3531 temerariis
449 3466 481 3529 et
501 3466 651 3547 perversis
674 3465 817 3532 remediis
840 3464 887 3531 usi
910 3466 1029 3540 eunte

305 3674 331 3742 *)
350 3673 510 3730 Dindorfius
529 3674 653 3745 scripsit:
685 3697 689 3704 ·

465 3763 580 3834 Ἄτλας,
600 3763 615 3825 ὅ
638 3767 812 3838 χαλκόνωτος
831 3764 954 3837 οὐρανὸν
972 3768 1049 3822 θεῶν

464 3857 544 3932 'dxciv
562 3859 684 3918 παλαιὸν
702 3857 780 3917 οἷκον
802 3859 832 3916 ἐκ
849 3863 933 3930 τριῶν
951 3862 1017 3929 μιᾶς

469 3956 546 4009 θεῶν
565 3952 650 4023 ἔφυσε
668 3957 768 4009 Μαῖαν
786 3974 810 4008 ια
827 3972 851 4008 τ.
872 3957 895 4008 λ.

346 4046 421 4101 'setis
448 4047 563 4103 licenter
590 4047 680 4104 verbis
707 4047 885 4116 transpositis
913 4051 941 4101 et
967 4045 1093 4113 mutetis;
1121 4044 1204 4114 longe
1232 4049 1325 4099 tamen

352 4138 484 4195 audacius
503 4140 719 4196 Herwerdenns:
