3012 4652
302 285 362 349 190
661 285 720 340 Lib.
739 285 774 339 IL
795 284 860 356 Gap.
878 284 929 340 III

257 504 315 568 pus
350 484 481 567 spectes,
514 500 570 548 neo
601 481 704 548 minus
731 482 931 548 manifestum
962 481 1010 548 est
1039 480 1196 548 abundare
1218 482 1328 546 reete

257 592 393 674 satisque
416 609 483 657 esse
502 608 559 672 per
587 608 620 655 se
652 589 735 655 tore
759 588 1005 666 levamento;
1037 607 1109 654 nam
1141 606 1198 654 noo
1226 588 1327 654 male

256 716 312 764 nen
332 696 445 775 reotp
457 695 776 782 ,aliquidlevamento
793 697 849 762 est.
894 694 1020 760 Sublato
1042 694 1165 774 soies,
1188 695 1271 778 qnod
1291 714 1328 761 ou

256 803 464 888 superioribus
487 802 538 870 bio
558 803 724 887 repetitum
755 803 813 881 est,
843 801 971 884 rerbpm
993 801 1156 886 praesentis
1178 802 1326 886 temporis

255 911 347 978 tadilo
362 912 495 978 eruitur:
511 909 622 990 Quod
643 928 718 978 roro
740 910 856 975 illam
876 927 955 981 rem
976 907 1062 974 tore
1083 908 1326 986 levamento,

255 1019 353 1084 bene
375 1018 487 1084 tacis.
532 1017 651 1083 Deinde
673 1017 853 1102 adiungibur
873 1035 953 1082 nora
975 1015 1147 1082 sententia:
1171 1033 1267 1103 quarn
1286 1015 1327 1081 id

255 1123 308 1204 sit,
324 1123 423 1190 mihi
444 1125 577 1203 oredo,
602 1123 786 1206 perinde,
810 1121 1012 1206 ut<est>,
1028 1125 1265 1192 existimare
1285 1126 1327 1190 tu

254 1249 328 1296 non
350 1231 475 1314 potos.
520 1233 623 1316 Negat
638 1231 742 1298 Oinero
767 1249 806 1296 ue
822 1231 962 1298 Atticum
983 1229 1119 1314 quidem,
1140 1234 1325 1315 quantopere

255 1337 298 1416 id,
323 1337 360 1404 de
382 1357 441 1423 qno
463 1338 576 1422 agitur,
607 1339 781 1404 loramento
803 1338 857 1417 sit,
878 1336 1005 1421 perinde
1028 1339 1205 1404 existimare
1226 1356 1326 1422 posse.

256 1444 398 1526 [Partem
427 1444 565 1530 aliquam
593 1447 658 1510 reri
687 1445 829 1511 viderant
857 1446 889 1509 et
917 1445 1074 1529 idipsum
1096 1445 1326 1512 verbnmreri

255 1549 432 1618 inciderant
452 1552 612 1618 Manutius
635 1553 667 1617 et
689 1551 882 1632 Lambinus]

354 1658 434 1724 Ibid.
459 1659 549 1738 XIII,
573 1659 623 1739 33,
647 1659 684 1724 3:
713 1658 805 1724 ride
834 1657 973 1738 etiam,
1004 1678 1078 1743 qno
1100 1679 1199 1726 anno
1223 1679 1326 1744 quaa·

254 1767 433 1832 sterant
459 1765 650 1832 tribunus
672 1765 753 1830 mil.
775 1765 918 1842 fuerit;
948 1766 982 1830 si
1010 1769 1195 1833 neutrum
1218 1786 1261 1834 ea
1282 1767 1326 1833 de
1397 1851 1401 1860 Ι

253 1872 294 1938 in
337 1872 547 1956 praefeotis
583 1874 652 1938 ant
688 1871 728 1936 iu
771 1873 1140 1940 contubernalibus
1183 1874 1325 1954 fuerit,

253 1980 366 2047 modo
387 1980 518 2046 inerit
539 1980 579 2046 in
600 1999 642 2046 eo
663 1979 783 2046 bello.
839 1979 972 2045 Videtur
993 1981 1137 2048 subesse:
1166 1983 1199 2047 si
1228 2000 1325 2047 neu·

253 2089 374 2186 trum,
406 2087 497 2166 vido,
530 2105 574 2155 ue
606 2088 646 2152 in
672 2086 882 2171 praefootis
904 2085 1032 2154 autin
1054 2076 1331 2155 contuberna·'

198 2261 200 2264 ,
252 2192 521 2259 libustuerit.

352 2298 430 2364 Ibid.
453 2299 521 2378 XV,
545 2301 574 2378 2,
597 2301 632 2367 2:
649 2300 876 2368 Consilium
897 2321 1022 2369 meum
1045 2322 1064 2368 a
1085 2305 1123 2369 te
1144 2303 1323 2387 probari,

252 2406 358 2490 quod
389 2425 434 2472 ea
465 2425 539 2473 non
572 2410 763 2488 soribarn,
794 2428 875 2493 qnae
897 2413 938 2476 tu
960 2429 979 2475 a
1000 2428 1057 2476 me
1078 2410 1322 2493 postularis,

250 2513 373 2580 facile
393 2515 528 2598 patior
543 2516 600 2582 oet.
625 2515 844 2583 Oouiunotirus
859 2517 1085 2600 postularis
1103 2517 1324 2602 minusaptam

250 2624 345 2690 habeb
366 2622 490 2689 incertae
513 2625 545 2689 et
565 2622 694 2689 infinitae
710 2623 924 2708 postulationis
939 2622 1207 2706 significationem.
1241 2625 1322 2691 Reo-

251 2731 316 2796 tius
339 2730 398 2796 erit
418 2731 616 2818 postularas,
641 2731 722 2815 quod
743 2732 900 2798 mutatum
922 2730 1083 2796 eonsilium
1106 2730 1269 2816 signifieat.

351 2834 432 2903 ibid.
447 2837 478 2915 4,
499 2841 508 2899 l
526 2860 533 2902 :
552 2836 715 2922 Quoquo
737 2839 848 2905 modo
871 2856 942 2922 ego
964 2838 1010 2902 de
1031 2836 1321 2916 iIIIns(Antonii)

250 2942 387 3008 nervis
419 2944 626 3023 existimo,
659 2963 733 3011 non
765 2945 929 3012 ridetur
961 2945 1058 3011 lieri
1087 2963 1206 3028 posse
1235 2946 1321 3011 sine

249 3049 377 3125 bello;
400 3049 468 3115 sed
490 3070 564 3116 non
586 3051 720 3134 oupio,
747 3053 933 3135 quoniam
954 3053 1122 3117 caretur
1144 3052 1322 3118 Buthro-

249 3155 333 3232 tiis.
349 3155 495 3222 Rides?
517 3158 655 3236 Asido
670 3165 751 3243 aps)
771 3158 964 3225 condoleo
986 3179 1060 3225 uon
1080 3177 1164 3225 msa
1185 3159 1322 3242 potins

250 3261 520 3344 assiduitate,
543 3264 780 3349 diligentia,
814 3265 951 3348 gratia
971 3266 1131 3348 perfici.
1183 3267 1321 3332 Primum

250 3370 389 3454 superior
410 3371 565 3438 sententia
586 3373 633 3438 sio
661 3369 869 3438 oonoluditur:
901 3409 938 3420 -
973 3371 1059 3438 stne
1092 3355 1220 3451 bello,
1254 3373 1322 3438 sed
1363 3377 1365 3384 ’

250 3498 322 3544 nou
345 3480 470 3562 onpio.
523 3479 641 3544 Deinde
663 3479 813 3544 transitur
834 3497 905 3544 oum
926 3479 992 3544 iooo
1015 3479 1055 3546 ad
1071 3497 1116 3559 ea,
1133 3500 1200 3564 qnae
1214 3479 1322 3546 Attiou

250 3585 335 3651 cordi
357 3586 453 3652 erant.
515 3585 554 3651 In
589 3586 647 3652 bao
675 3585 830 3653 sententia
856 3587 1002 3651 mendum
1025 3588 1153 3670 apparet
1173 3586 1206 3652 in
1227 3604 1320 3669 pravo

248 3692 303 3758 illo
326 3693 390 3759 ast
412 3693 444 3758 et
465 3693 498 3758 in
516 3693 725 3782 *condoleo
746 3691 958 3775 vscribendum
973 3692 1111 3759 ridetur:
1128 3690 1320 3772 Quoniam

249 3799 687 3879 oavotanuthrotiis,
709 3800 820 3867 rides
846 3793 1049 3868 Ἀττικόν
1071 3790 1321 3878 (dorcadum

249 3906 341 3974 doleo
363 3926 438 3973 non
461 3926 544 3973 mea
565 3907 702 3991 potius
725 3907 979 3974 assiduitate
1002 3908 1059 3973 oet.

349 4025 434 4104 Ibid,
451 4025 480 4105 8,
504 4027 542 4092 2:
578 4027 782 4094 Graeoeius
804 4028 851 4092 ed
877 4045 935 4092 me
957 4024 1146 4109 seripsIt,
1167 4024 1200 4089 (l.
1224 4022 1321 4090 Oas-

248 4132 350 4198 sium
383 4134 464 4201 sibi
493 4132 731 4216 scripsisse,
762 4134 944 4200 homines
978 4132 1222 4217 comparari,
1255 4129 1322 4215 qui
