3008 4654
610 295 713 352 Plinius
731 294 826 352 minor.
924 299 926 304 ’
1151 295 1212 360 219

183 495 283 578 putat,
306 494 386 577 quod
408 492 476 558 ficri
498 492 581 560 nullo
597 494 685 578 pacto
700 495 811 575 potest,
835 494 908 579 quid
930 494 973 560 sit
994 515 1061 579 pro
1083 495 1252 562 iniuriis
1290 476 1292 480 ¹
1372 528 1382 536 ·

183 599 438 685 singulorum
469 598 694 665 instituere
725 601 960 686 vectigalia.
1012 602 1140 668 Poterat
1168 603 1253 668 recte

182 711 218 774 et
239 706 348 772 Latine
375 704 437 771 dici
466 705 694 790 vectigalia
722 707 944 774 instituere
974 725 1058 773 cum
1085 709 1253 776 iniuriis

185 813 458 898 singulorum,
486 811 544 878 boo
573 814 629 891 est,
652 813 706 892 its,
736 814 772 878 ut
793 812 909 897 singuli
930 813 1056 880 iniurias
1078 816 1252 898 patientum

184 939 290 987 verum
314 917 493 1004 longissime
515 918 574 985 boc
595 939 612 984 a
634 917 730 984 Plinii
752 921 905 986 sententia
929 923 1083 986 remotum
1098 927 1155 989 est
1193 922 1253 1002 qni

134 1044 137 1049 ·
182 1029 290 1094 contra
319 1045 338 1090 a
366 1026 445 1092 bono
473 1025 610 1108 principe
627 1027 684 1092 sic
715 1027 947 1108 temperandam
969 1026 1168 1112 vectigalium
1191 1029 1256 1095 im·

184 1133 391 1218 ponendorum
422 1132 635 1198 necessitatem
664 1132 828 1218 significat,
860 1138 895 1199 ut
919 1133 1111 1219 singulorum
1133 1135 1252 1202 iniuriae

183 1259 276 1306 onere
298 1239 484 1324 exaequando
506 1237 651 1312 vitentur.
680 1242 774 1324 atque
803 1241 841 1306 ed
864 1258 931 1306 sam
955 1240 1150 1308 necessitatis
1171 1245 1254 1308 tem·
1292 1229 1298 1238 ’

184 1347 376 1431 perationem
397 1345 632 1427 significandam
656 1346 792 1430 pertinet
805 1350 896 1413 notus
911 1345 1131 1430 particularum
1152 1353 1195 1414 ut
1212 1386 1253 1399 -

183 1455 243 1520 ite
263 1471 338 1520 usus
359 1453 391 1517 in
413 1453 641 1536 comparatione
662 1472 764 1518 rerurn
788 1454 948 1538 exaliqua
970 1457 1056 1536 parte
1087 1457 1252 1523 contraria·

184 1579 262 1639 rum‚
285 1557 339 1625 sed
372 1562 612 1638 coniuncturum,
645 1560 683 1624 ut
710 1562 795 1643 prius
824 1562 997 1627 membrum
1027 1559 1251 1626 concessionem

184 1666 325 1732 videatur
350 1667 471 1733 babere.
526 1666 655 1732 Rectam
678 1670 710 1733 et
732 1685 802 1732 cum
825 1669 892 1733 toto
917 1667 1008 1733 Plinii
1029 1665 1156 1734 consilio
1179 1686 1253 1732 con-

183 1772 411 1840 iunctissimam
432 1771 618 1838 sententiam
638 1791 862 1856 consequemur
883 1773 1026 1840 retractis
1044 1774 1168 1853 litteris,
1184 1792 1251 1858 quae

184 1881 308 1963 propter
328 1877 617 1945 manifestissimum
641 1898 773 1946 errorem
796 1880 989 1948 exciderunt:
1019 1881 1148 1947 Onera
1176 1880 1251 1944 im-

183 1987 289 2071 perii
310 1989 504 2071 pleraque
526 1985 755 2067 vectigalia
781 1987 952 2053 institui
975 1991 1017 2054 ut
1038 2006 1107 2070 pro
1129 1986 1252 2052 utili·

182 2096 269 2161 tate
301 2094 498 2161 communi
529 2096 587 2159 its
616 2093 769 2177 <siue>
794 2094 1049 2180 singulorum
1082 2091 1251 2159 iniuriis

181 2203 410 2287 coegerunt.
450 2203 578 2267 Prorsus
599 2204 664 2268 baec
685 2201 859 2268 emendatio
882 2203 1005 2288 gemina
1026 2204 1075 2268 est
1096 2201 1135 2279 ei,
1158 2220 1252 2285 quam

178 2328 274 2392 supra
295 2308 326 2374 in
348 2309 497 2375 Herodoti
518 2306 571 2375 lib.
594 2309 625 2374 ll
648 2328 673 2376 c.
697 2311 737 2373 25
760 2310 829 2376 leci.

284 2429 360 2494 lbid.
393 2429 434 2492 39
466 2429 531 2505 (ubi
564 2428 709 2493 laudatur
743 2427 905 2506 Traianus,
942 2426 1024 2509 quod
1056 2427 1104 2502 iis,
1141 2426 1250 2508 quibus

179 2535 339 2601 ciuitatem
364 2537 534 2601 Romanam
558 2534 687 2611 dederit,
706 2533 899 2617 cognationis
916 2534 948 2600 et
961 2532 1167 2597 hereditatum
1184 2532 1251 2596 iuro

179 2661 252 2709 oum
273 2643 461 2726 propinquis,
484 2643 537 2724 qui
559 2640 714 2725 peregrini
736 2643 904 2717 manerent
934 2639 1120 2724 reliquerit):
1152 2636 1250 2702 baeti
1329 2627 1343 2668 ·’

180 2766 275 2834 ergo
297 2749 407 2814 adite
429 2749 615 2827 bonores,
638 2747 844 2830 capessite
866 2746 1096 2823 civitatem3
1120 2741 1249 2810 nemi·

181 2874 265 2921 uem
289 2852 1249 2936 bocnecessitudinisabruptumreluttrunoum

180 2966 513 3046 amputatumque
535 2959 755 3036 destituet3
778 2959 921 3026 iisdem
944 2977 1077 3025 omnes
1099 2959 1244 3041 quibus

181 3074 273 3136 ente
302 3067 561 3153 pignoribus,
590 3066 659 3131 sed
689 3067 946 3132 honestiores
974 3065 1248 3149 perfruentur.

181 3176 263 3257 Quid
285 3176 327 3241 sit
347 3176 420 3241 boe
440 3172 768 3238 necessitudinis
790 3176 853 3252 aut
875 3173 902 3239 si
918 3175 987 3256 quis
1005 3172 1050 3238 sic
1065 3171 1249 3254 coniungere

181 3284 274 3350 rerba
305 3281 390 3360 uelit,
426 3280 500 3346 boc
535 3280 860 3346 necessitudinis
897 3282 1127 3362 abruptum,
1160 3295 1249 3342 nemo

183 3388 303 3467 dixerit,
326 3406 424 3471 neque
445 3406 514 3471 quae
536 3386 587 3452 bio
607 3388 730 3454 omnino
755 3386 1017 3455 necessitudo
1046 3383 1248 3467 intelligatur,

181 3496 305 3562 etiamsi
327 3515 381 3580 pro
403 3496 585 3561 necessitate
607 3494 791 3578 accipiatur„
829 3493 1001 3576 Scripserat
1024 3491 1158 3556 Plinius:
1181 3507 1250 3554 ns·

182 3604 323 3669 minem
346 3601 417 3667 boc
439 3599 725 3670 necessitudinibus
755 3602 969 3683 abruptum
998 3597 1113 3663 velut
1134 3596 1249 3661 trun·

182 3728 265 3776 oum
301 3709 633 3790 amputatumque
669 3707 882 3772 destituet.
940 3704 1103 3771 Neminem
1139 3702 1249 3769 civitas

183 3817 322 3883 Romana
343 3821 468 3898 accepta
490 3810 767 3880 necessitudinibus
782 3813 857 3890 suis,
867 3812 931 3898 ¹boc
946 3817 1004 3885 est.
1019 3809 1248 3896 cognationibus

181 3922 519 4007 propinquitatibusque
542 3924 583 3998 et,
613 3921 649 3984 ut
677 3919 768 4001 paulo
798 3923 867 4002 post
890 3917 1009 3984 Plinius
1031 3918 1116 3995 dicit,
1139 3915 1250 4000 pigno·

180 4029 266 4094 ribus
288 4030 351 4095 suis
372 4027 515 4113 privabit.
552 4027 688 4092 Tantum
708 4025 1014 4091 animadvertendum
1036 4025 1127 4091 buius
1147 4023 1249 4089 aetatis

182 4154 239 4201 usu
272 4131 609 4201 necessitudines
640 4132 752 4215 plurali
786 4109 911 4198 numero
944 4131 988 4198 sic
1021 4131 1092 4211 dici,
1122 4131 1160 4196 ut
1189 4129 1250 4214 ipsi
