2974 4660
574 296 719 366 Sophoclis
737 298 817 352 Aiax.
845 269 847 277 Α
1150 295 1189 357 13

78 550 81 554 .
156 495 304 560 Fortasse
333 494 477 558 mendum
508 512 568 559 uon
596 496 678 559 solus
710 493 868 558 oculorum
897 511 980 557 error
1012 492 1140 574 peperit,
1176 490 1230 556 sad

152 599 288 664 offensio
310 600 341 662 in
365 599 556 684 diphthongo
578 601 651 665 ante
670 600 807 666 vocalem
833 601 971 680 correpta
993 598 1155 662 notissimo
1173 615 1232 662 usu

156 706 260 784 <noto
284 707 365 778 cett.

314 813 394 876 1310
416 831 499 895 sqq.:

264 921 337 984 ἐπεὶ
360 911 466 984 καλόν.
485 943 548 1002 μοι
570 913 663 986 τοῦδ’
685 911 978 1002 νπερπονονμένῳ

258 1031 386 1090 θανεῖν
407 1020 585 1108 προδήλως
606 1025 741 1108 μᾶλλον
761 1017 783 1108 ἢ
806 1028 869 1108 τῆς
891 1024 952 1108 σῆς
975 1015 1060 1108 ὑπὲρ

260 1124 422 1218 γυναικός
444 1126 467 1215 ἢ
489 1133 551 1198 τοὺ
574 1131 636 1199 σοῦ
660 1124 892 1214 θ’ὁμαίμονος
917 1132 1009 1215 λέγω.

156 1238 302 1304 Primum
334 1238 366 1302 in
400 1258 435 1303 eo
466 1237 606 1312 teretur,
641 1238 720 1321 quod
755 1238 874 1302 Teucer
911 1236 1027 1302 bellum
1064 1233 1229 1300 Troianum

67 1377 72 1382 ·
153 1343 333 1426 significare
366 1342 490 1409 videtur
523 1345 560 1406 de
587 1344 830 1428 Agamemnonis
860 1362 951 1408 uxore
980 1343 1055 1426 geri,
1089 1339 1169 1423 quod
1192 1359 1231 1404 ne

151 1451 238 1517 irato
266 1450 390 1532 quidem
421 1451 452 1512 in
484 1451 621 1514 mentem
645 1449 748 1514 venire
770 1451 891 1530 poterat
913 1449 1028 1524 dicere;
1059 1445 1169 1512 deinde
1197 1446 1229 1510 in

154 1554 253 1618 tertio
275 1573 367 1622 versu
389 1575 488 1639 neque
506 1557 656 1638 particula
671 1561 706 1620 τέ
721 1555 859 1638 expediri
877 1556 989 1636 potest,
1007 1559 1039 1618 et
1053 1573 1113 1618 non
1129 1554 1229 1618 minus

161 1677 254 1740 prave
276 1659 438 1726 Menelaus
461 1680 515 1744 pro
534 1660 653 1727 Helena
682 1661 889 1726 substituitur.
937 1662 1076 1743 Apparet
1096 1677 1189 1724 unam
1212 1676 1231 1722 a

154 1767 276 1831 ''Teuoro
299 1766 469 1849 significari
489 1767 640 1833 Helenam
665 1767 738 1832 belli
761 1785 895 1839 oausam,
909 1766 972 1841 sed,
989 1765 1069 1848 quod
1088 1783 1124 1828 ex
1137 1764 1230 1830 verbo

160 1875 243 1960 λέγω
272 1871 466 1955 intelligitur,
499 1893 560 1956 quo
593 1873 733 1950 utuntur,
759 1872 813 1956 qui
846 1873 938 1938 verba
967 1891 1022 1937 sua
1050 1871 1109 1952 ipsi
1141 1871 1231 1954 quasi

153 1979 348 2046 correctione
370 1977 474 2062 aliqua
495 1981 669 2062 explanant,
694 1978 841 2064 singulari
864 1978 999 2060 quodam
1019 1977 1119 2050 modo,
1142 1979 1177 2040 ut
1199 1982 1230 2040 et

153 2106 230 2152 -com
247 2091 478 2169 Agamemnone
493 2088 609 2150 etcum
624 2086 765 2150 Menelao
781 2087 992 2168 coniungatur.
1026 2081 1228 2148 scribendum

154 2192 329 2258 ostentm:
1176 2201 1181 2214 ‘

516 2291 537 2380 ἢ
560 2299 621 2382 τῆς
643 2298 705 2382 σῆς
727 2291 814 2382 ὑπὲρ

258 2396 419 2491 γυναικὸς
440 2397 464 2488 ἢ
486 2403 564 2487 τῆς
586 2404 646 2470 σοῦ
669 2397 699 2492 γ’
721 2399 927 2488 ὁμαίμονος,
951 2404 1043 2489 λέγω.

153 2511 302 2576 'Primum
322 2510 524 2591 contemptim
546 2510 705 2584 feminam,
733 2529 788 2592 pro
816 2527 876 2592 qua
897 2511 1090 2592 Agamemno
1112 2512 1231 2592 pugnat

153 2618 350 2701 pugnarique
371 2615 468 2688 iubet,
490 2615 589 2695 ipsius
614 2615 758 2697 appellat,
791 2615 901 2679 deinde
924 2634 958 2679 se
980 2615 1136 2697 corrigens
1157 2631 1229 2695 pro·

154 2723 224 2805 prio
245 2721 351 2786 fratris
373 2738 499 2786 uxorem
523 2721 641 2802 (weges
661 2721 765 2784 deioer
782 2718 875 2786 Fron
890 2721 972 2798 oder,
990 2739 1056 2786 eoos
1070 2719 1120 2784 ieie
1134 2737 1231 2802 sapen

155 2827 264 2908 coclite,
286 2827 341 2890 der
362 2825 466 2889 deloco
487 2821 663 2901 Braders).
717 2826 742 2890 u
783 2825 844 2910 τῆς
867 2826 928 2891 cori
951 2827 1045 2892 etiam
1067 2827 1129 2892 iam
1152 2825 1230 2890 Din-

72 2952 74 2957 ’
155 2931 275 2997 -dorlius
297 2929 491 2996 scribendum
513 2931 735 3008 coniecerat.*)

313 3048 410 3112 1357:

222 3147 224 3153 ¹
257 3152 333 3241 νικᾷ
354 3149 421 3241 yc'p
443 3147 547 3242 ἆρετή
568 3181 615 3241 με
636 3158 700 3243 τῆς
721 3163 848 3245 ἔχθρας
870 3153 971 3225 πολύ.
1122 3243 1124 3247 Ι

153 3262 320 3328 ‘Sententia
341 3263 478 3344 apparet,
493 3262 684 3342 inimicitias,
704 3283 772 3348 quae
792 3285 862 3331 cum
876 3266 970 3334 Aiace
990 3263 1113 3341 luerint,
1138 3264 1230 3346 longo

112 3457 114 3464 Ι
152 3372 292 3451 superari
312 3368 435 3433 virtutis
450 3369 516 3434 eius
531 3371 693 3452 memoria;
716 3370 770 3435 sed
786 3389 821 3436 er
836 3372 950 3449 verbis,
968 3368 1229 3454 quemadmodum

156 3493 237 3540 nune
259 3473 443 3548 scribuntur,
472 3492 509 3538 ea
536 3476 692 3541 sententia
719 3476 814 3541 nullis
841 3475 992 3543 machinis
1020 3475 1100 3541 effici
1126 3473 1230 3558 potest

156 3599 257 3663 noque
277 3579 343 3644 ulla
364 3597 469 3644 eorum
492 3582 648 3646 structura
668 3583 805 3665 reperiri.
852 3583 981 3648 Frustra
1002 3582 1085 3648 enim
1107 3579 1228 3646 efficere

152 3688 304 3750 conantur
336 3684 530 3767 interpretes,
562 3689 598 3751 ut
629 3687 721 3754 verbo
750 3687 855 3767 vrucinia
886 3691 997 3771 praeter
1018 3686 1227 3753 accusativum

153 3789 252 3855 etiam
285 3790 445 3875 genetivus
478 3791 665 3877 adiungatur
697 3796 786 3878 quasi
823 3792 1061 3878 comparationis
1097 3791 1226 3858 alicuius

102 4039 105 4045 '
210 4031 237 4103 ³¹¹)
256 4031 289 4088 In
307 4033 435 4090 adverbio
454 4033 604 4107 προδήλως
622 4037 680 4094 siue
700 4054 784 4096 causa
802 4036 1025 4094 Schneidewinus
1048 4035 1143 4104 haesit3
1163 4049 1227 4091 eon-

139 4129 142 4137 '
257 4122 423 4194 iungendum
441 4128 470 4184 id
489 4135 532 4184 ert
551 4146 612 4185 cum
630 4129 716 4187 nativ
735 4135 848 4203 μᾶλλον.
