3008 4650
316 296 375 358 m
680 290 938 361 mmmm

272 492 397 577 negatio
420 491 534 560 omissa
556 491 612 558 est.
657 489 794 556 Eandem
813 490 961 556 orationis
982 491 1112 556 formam
1133 488 1228 554 habet
1242 487 1343 553 Caesar

274 601 310 664 B.
339 599 376 666 G.
392 599 474 677 llll,
501 597 552 674 47,
583 599 602 660 5
632 599 664 662 et
691 596 774 662 Plin.
802 596 918 680 Paneg.
950 597 985 658 17
1019 595 1156 662 restituit
1188 595 1342 661 Gesnerns

274 715 357 784 (uec
378 724 450 771 non
473 706 606 780 modo).
634 703 752 770 Omitte
773 702 907 768 similem
929 703 1128 786 negationum
1151 719 1341 777 concursum,

273 832 343 878 cum
376 801 506 878 dicitnr:
539 831 612 878 non
643 811 735 894 quia
766 845 817 886 -,
851 808 1007 876 idcirco
1041 829 1116 876 non
1149 811 1181 874 ct
1215 806 1339 874 similia.

274 919 417 984 Senserat
449 919 608 984 sententiae
644 916 756 982 vitium
789 915 957 981 Manutius.
1012 915 1110 997 [Non
1143 915 1217 981 addi
1246 913 1343 980 voluit

274 1028 442 1105 Ernestius
465 1026 520 1091 sed
542 997 615 1091 ante
636 1023 843 1107 profecto]

362 1189 453 1271 ibid.
485 1191 544 1253 159
574 1188 638 1268 (ubi
667 1189 770 1274 agitur
797 1188 835 1252 de
862 1186 1034 1278 suspicione
1055 1206 1074 1252 a
1095 1186 1290 1253 Timarchide
1311 1187 1342 1253 in

275 1297 394 1362 Metelli
423 1295 523 1360 filium
550 1295 717 1373 coniecta):
747 1292 1074 1370 OTimarchido,
1097 1291 1260 1358 Metelli
1283 1297 1343 1358 est

274 1402 393 1468 filius
425 1402 465 1467 in
502 1402 712 1485 provincia
743 1421 818 1466 non
852 1418 966 1482 puer,
1004 1397 1073 1464 sed
1106 1398 1343 1466 adolescens

273 1508 427 1590 pudens
461 1527 504 1574 ac
536 1510 677 1588 benus,
711 1508 857 1593 dignus
888 1505 965 1586 illo
994 1505 1081 1572 loco
1111 1505 1342 1571 eonomine.

274 1612 345 1678 Non
367 1613 468 1678 minus
492 1633 509 1678 a
532 1615 684 1681 Ciceronis
707 1634 765 1679 usu
795 1612 940 1679 abhorret
961 1611 1028 1676 haee
1049 1612 1198 1678 orationis
1223 1612 1342 1677 aversio

145 1710 150 1712 ’
220 1757 224 1763 -
274 1719 313 1785 ad
350 1719 506 1786 hominem
543 1723 769 1805 contemptum,
806 1721 857 1804 qui
896 1736 1048 1802 nusquam
1085 1717 1198 1786 iudicio
1237 1719 1342 1786 adesse

275 1826 467 1912 significatur
489 1832 543 1906 (-
565 1847 635 1892 nam
658 1827 798 1902 testium,
821 1828 853 1890 in
875 1843 951 1908 quos
973 1827 1076 1891 orator
1098 1824 1264 1904 invehitur,
1283 1826 1344 1890 alia

275 1937 323 2000 est
344 1953 437 2000 causa
459 1940 522 2012 -)‚
545 1951 639 2016 quam
660 1933 826 2018 preposita
847 1932 986 1998 vocativo
1008 1931 1192 1998 interiectio.
1243 1930 1344 1996 Codex

275 2039 410 2123 optimus
433 2041 521 2124 (Lag.
544 2041 597 2117 42)
620 2040 767 2122 scriptum
796 2039 891 2104 habet
919 2038 1189 2117 Timarchidi,
1219 2058 1254 2105 ex
1283 2058 1343 2122 quo

274 2147 526 2212 manifestissima
548 2146 702 2213 enascitur
724 2146 916 2213 emendatio:
938 2145 979 2212 Os
1001 2145 1213 2214 Timarchidi!
1243 2148 1342 2212 Inter-

275 2253 398 2335 ponitur
437 2255 617 2319 exclamatio
658 2253 850 2339 indignantis
887 2253 925 2318 de
959 2252 1154 2336 impudentia
1190 2253 1341 2332 hominis;

276 2360 387 2428 deinde
409 2363 506 2426 oratio
532 2361 613 2426 redit
634 2361 673 2426 ad
695 2380 761 2426 rem
784 2361 875 2426 etad
897 2360 1025 2426 iudices.

373 2527 451 2594 Ibid.
477 2529 552 2591 176:
575 2528 680 2594 Ma'la
701 2529 762 2594 est
784 2529 862 2594 haec
884 2526 1061 2610 quidem,
1083 2529 1127 2593 ut
1149 2527 1250 2606 dixi,
1273 2529 1343 2594 de-

275 2635 408 2701 fensio
445 2655 488 2701 ac
524 2635 661 2719 potius
696 2634 861 2718 perdita
901 2635 1157 2700 maximorum
1201 2654 1343 2717 pecca·

268 2744 420 2819 torum,
453 2740 573 2807 huius
604 2744 736 2807 autem
770 2746 808 2807 et
840 2741 1083 2823 iniquitatis
1116 2743 1155 2806 et
1182 2740 1343 2807 inertiae

277 2846 496 2924 confessio,
519 2867 594 2913 nou
617 2848 801 2914 defensio
819 2846 1022 2926 criminis;
1044 2845 1344 2913 scdtamenhac
1420 2895 1422 2898 -

276 2954 365 3034 ipsa
386 2952 481 3031 tibi,
505 2939 622 3020 siuti
644 2955 801 3038 cupias,
823 2972 898 3020 non
919 2954 1030 3019 licet.
1074 2955 1213 3038 Apparet
1233 2953 1343 3021 vitiose

275 3065 307 3124 et
340 3059 519 3124 inconcinne
547 3059 596 3125 bis
628 3061 700 3143 poni
729 3058 984 3125 defensionis
1010 3079 1122 3125 nomen
1152 3079 1188 3126 ac
1208 3061 1344 3144 primum

275 3164 390 3230 malam
419 3164 480 3230 dici
509 3165 728 3242 defensionem,
759 3166 870 3232 deinde
899 3165 1005 3250 negari
1036 3166 1244 3232 defensionem
1267 3185 1343 3232 esse.

277 3271 336 3336 Sed
359 3272 477 3336 codices
497 3274 747 3360 prestantissimi
768 3275 795 3338 V
812 3274 882 3338 etF
899 3273 930 3338 et
945 3273 1091 3338 mendum
1106 3272 1151 3340 sic
1167 3273 1344 3357 coarguunt.

275 3377 312 3442 ut
331 3376 471 3459 pluribus
493 3378 593 3446 uerbis
615 3380 662 3444 uti
683 3400 744 3446 non
767 3399 843 3462 opus
865 3380 916 3460 sit,
944 3381 976 3448 et
998 3380 1240 3446 emendationem
1264 3379 1344 3445 clare

241 3487 246 3495 '
275 3487 466 3562 monstrant3
489 3485 534 3551 sic
555 3487 638 3551 eninr
658 3486 690 3551 in
706 3486 745 3552 iis
761 3486 921 3552 scribitur:
943 3484 1051 3553 Mala
1072 3489 1135 3552 est
1155 3487 1235 3552 haec
1257 3488 1344 3570 qui-

276 3589 378 3666 dem,
415 3592 459 3656 ut
495 3591 595 3666 dixi,
631 3611 675 3658 ac
711 3593 849 3676 potius
885 3593 1049 3675 perdita
1086 3595 1345 3659 maximorum

276 3702 551 3780 peccatorum,
572 3698 691 3764 huius
714 3700 845 3764 autem
869 3699 1115 3784 iniquitatis
1133 3699 1346 3766 etinertiae

276 3804 534 3870 confessione
568 3805 834 3886 (confession.
858 3807 896 3890 F)
932 3805 1116 3872 defensio
1149 3806 1343 3872 criminis.

276 3908 358 3974 Hinc
385 3909 532 3977 facillime
546 3912 705 4004 ‚nescitum
739 3910 822 4006 quod¹
855 3929 891 3976 ex
927 3913 1008 3977 omni
1041 3914 1129 3997 parte
1158 3913 1344 3994 satisfaciam

230 4105 232 4110 ,
278 4014 384 4080 Mala
405 4020 467 4082 est
488 4016 567 4083 haec
590 4018 766 4101 quidem,
789 4018 832 4082 ut
853 4017 953 4096 dixi,
976 4019 1347 4108 acpotiusperdita

277 4123 378 4204 <c>
406 4124 664 4190 maximorum
693 4126 967 4208 peccatorum,
997 4125 1114 4190 huius
1145 4127 1276 4190 autem
1307 4127 1346 4190 et
