2974 4660
287 295 327 360 π
648 293 912 365 mnmm

246 493 324 559 irem
346 493 446 558 foetu.
501 492 649 574 Exempla
680 492 764 557 verbi
796 491 861 556 ism
893 490 1113 556 Demosthenis
1146 490 1238 556 aetete
1271 490 1315 556 sio

245 598 343 682 positi
363 598 458 665 hebet
479 599 576 666 altere
598 598 688 663 leriei
711 595 801 679 Pepii
822 597 926 663 editio.

345 739 423 805 lbid.
447 741 506 804 97:
550 731 621 806 εἷθ’
643 733 743 824 ὑμεῖς
764 732 827 804 τόν
849 734 957 812 οὕτως
980 731 1088 822 ω’μόν,
1110 741 1172 805 τὸν
1207 734 1316 810 οὕτως

246 839 430 932 α’γνῶμονα
456 893 463 908 .
488 893 496 909 .
521 897 560 914 ..
589 846 714 912 τοῦτον
753 839 938 931 ὑβρίζοντα
971 840 1136 930 λαβόντες
1167 847 1215 918 εἴς
1237 868 1314 910 τινα

247 954 316 1018 τών
337 953 489 1019 πολιτῶν
511 943 672 1038 α’φήοετε,
696 955 750 1018 καί
773 945 864 1037 μήθ’
875 953 994 1038 ἑορτῆς
1007 945 1098 1037 μήτε
1114 952 1213 1039 ἱερῶν
1227 945 1315 1037 μήτε

247 1054 357 1145 νόμον
388 1053 469 1145 μήτ’
502 1055 609 1126 ἄλλον
641 1056 791 1145 μηδενός
823 1053 992 1144 πρόνοιαν
1028 1054 1241 1144 ποιούμενον
1274 1052 1316 1124 οὐ

247 1174 545 1253 καταψηφιεῖσθες
580 1160 622 1233 oo'
654 1162 872 1256 παράδειγμα
907 1162 1084 1252 ποιήσοτες
1128 1165 1222 1232 Omni
1252 1183 1316 1231 ser-

155 1269 160 1278 *
246 1275 346 1340 monis
368 1273 440 1340 usui
462 1275 614 1358 repugnat
636 1274 935 1361 καταψηφίζεσθαι
956 1293 1025 1340 oum
1049 1273 1224 1340 ooousetivo
1245 1290 1317 1336 oon-

245 1381 396 1447 iunotum.
440 1380 596 1446 Praeterea
617 1375 784 1465 πρόνοιαν
807 1389 984 1448 ποιεῖσθαι
1008 1379 1128 1465 ἑορτῆς
1144 1379 1198 1444 καί
1216 1375 1317 1460 ἱερῶν

247 1489 302 1554 καί
325 1481 441 1571 νόμον,
463 1486 521 1552 hoo
542 1489 599 1567 eet,
621 1488 795 1572 prospicere
817 1489 994 1568 esurisset,
1009 1507 1069 1554 non
1090 1487 1127 1553 do
1142 1504 1178 1550 eo
1192 1485 1318 1565 dieitur,

249 1593 302 1677 qui
334 1611 421 1660 suoru
455 1594 488 1658 et
519 1593 621 1674 legem
652 1597 810 1661 reveretur
840 1613 898 1660 neo
923 1595 1028 1678 violet,
1058 1593 1113 1659 sed
1134 1592 1174 1658 do
1196 1610 1242 1672 eo,
1264 1592 1317 1674 qui

247 1702 344 1779 curet,
366 1702 403 1764 ut
425 1716 462 1764 ee
482 1699 631 1766 inviolate
659 1701 697 1767 ab
727 1703 799 1768 eliis
821 1703 990 1768 serventur.
1044 1698 1247 1766 scribendum
1269 1698 1319 1762 est

246 1804 360 1889 igitur:
394 1807 448 1872 καὶ
470 1801 561 1891 μήθ’
595 1809 714 1893 ἑορτῆς
745 1804 835 1894 μήτε
865 1809 964 1891 ἱερῶν
992 1800 1081 1891 μήτε
1104 1799 1216 1890 νόμον
1236 1796 1318 1887 μήτ’

247 1908 354 1978 ἄλλον
388 1908 538 1997 potede
575 1909 744 1999 πρόνοιαν
786 1907 1040 1998 ποιούμενοι
1085 1907 1128 1979 ον’
1163 1927 1318 1995 καταψη-

247 2025 404 2102 φιεῖσθες
426 2019 485 2085 hoo
498 2021 564 2086 est:
583 2021 789 2105 neglectaque
807 2039 963 2088 sacrorum
978 2020 1011 2084 et
1023 2019 1102 2103 legis
1119 2019 1318 2100 omniumque

247 2125 379 2190 aliorum
402 2143 474 2191 oure
495 2129 528 2190 et
549 2126 650 2191 tutele
677 2145 737 2192 non
767 2126 1035 2212 condemnabitis?
1077 2123 1318 2208 Interrogationi

247 2231 398 2316 negutivae
431 2231 528 2297 futuri
561 2234 708 2316 temporis
744 2233 915 2314 imperandi
948 2233 1011 2298 uim
1043 2231 1170 2298 habenti
1192 2229 1319 2296 additur

247 2335 446 2420 perticipium
468 2339 636 2416 declarans,
660 2339 734 2422 quid
757 2339 937 2407 adiunctum
959 2339 1002 2405 sit
1022 2338 1162 2422 neglecto
1177 2336 1318 2420 imperio.

248 2443 283 2508 Si
304 2444 424 2509 iudices
452 2461 512 2510 non
546 2445 827 2527 condemnaverint,
861 2465 962 2530 neque
994 2445 1089 2511 seoris
1122 2461 1221 2527 neque
1256 2441 1320 2527 legi

248 2552 469 2635 prospexerint.
519 2550 583 2634 [Sio
606 2545 802 2631 Lambinus]

348 2692 427 2760 lbio.
452 2693 527 2758 114:
564 2687 665 2760 Οὕτω
700 2694 820 2759 τοίνυν
852 2680 951 2766 οὗτός
983 2696 1075 2758 ἐστιν
1103 2681 1235 2776 α’σεβής
1263 2692 1322 2756 ναὶ

246 2793 373 2884 ,ιιιαοός
406 2800 461 2866 καὶ
495 2799 567 2864 πᾶν
601 2793 646 2866 ἂν
674 2793 828 2872 ὑποστάς
857 2800 1053 2876 εἰπεῑνναλ
1077 2800 1213 2882 πρᾶξαι,
1237 2801 1268 2863 εἰ
1291 2791 1322 2864 δ’

248 2898 378 2991 α’ληθὲς
399 2899 422 2990 ἢ
445 2905 572 2985 ψεῦδος
594 2900 616 2991 ἧ
640 2902 729 2989 πρὸς
755 2899 881 2990 ἐχθρόν
903 2899 926 2991 ἢ
949 2905 1050 2989 φίλον
1064 2899 1086 2990 ἢ
1102 2898 1143 2970 so*
1161 2907 1320 2980 τοιαῦτα,

249 3001 321 3078 ἄλλ’
366 3004 438 3080 οὐδ’
481 3005 598 3078 ὁτιοῦν
642 3013 807 3096 διορίζων,
841 3003 918 3079 ὥστ’
950 3004 1239 3096 ἐπαιτιασάμενός
1272 3037 1319 3097 με

248 3111 358 3202 φόνον
379 3171 386 3184 .
410 3165 418 3184 .
443 3167 450 3185 .
473 3121 564 3186 εἴασε
597 3124 662 3203 μέν
696 3145 741 3203 με
775 3109 940 3203 εἰσιτήρια
974 3111 1060 3202 ὑπὲρ
1097 3119 1159 3203 τῆς
1190 3120 1321 3203 βουλῆς

249 3226 461 3312 ἱεροποιῆσαι
485 3251 512 3293 ιι.
536 3252 565 3293 τ.
589 3227 617 3290 λ.
670 3224 871 3291 Manifestum
901 3225 949 3290 est
977 3226 1057 3291 inter
1086 3224 1151 3291 haeo
1180 3226 1251 3291 πᾶν
1273 3219 1320 3291 etv

248 3325 403 3406 ὑποστας
424 3336 537 3399 εἰπεῖν
564 3333 618 3400 καί
643 3330 780 3417 πρᾶξαι,
803 3334 834 3396 εἰ
856 3324 886 3397 δ’
908 3325 1039 3417 utpote
1060 3326 1083 3418 ἦ
1107 3333 1234 3411 ψεῦδος
1257 3379 1319 3398 ...

248 3429 324 3505 oo’t'
356 3432 474 3506 ὁτιοῦν
509 3439 661 3524 διορίζον
694 3457 754 3502 non
777 3455 873 3519 posse
905 3438 1060 3521 interponi
1082 3433 1177 3506 α’λλιί.
1232 3438 1318 3506 Sori-

247 3543 399 3611 bendum:
422 3538 499 3629 ἢτοῖ
523 3538 653 3611 τοιαῦτ’
675 3539 764 3611 ἄλλ’
785 3541 910 3628 (ἄλλα),
933 3537 1006 3612 οὐδ’
1022 3538 1140 3612 ὁτιοῦν
1155 3545 1318 3630 διορίζων.

246 3649 333 3715 Nihil
369 3652 458 3716 ouret
492 3649 584 3716 horno
617 3651 741 3736 impius,
774 3671 843 3735 quen
871 3650 965 3718 feoiet
988 3651 1140 3735 dicetque,
1162 3671 1235 3717 vere
1255 3653 1321 3716 sint

248 3772 286 3821 an
309 3753 397 3840 false,
419 3757 525 3821 utrum
547 3756 682 3824 amioum
703 3777 742 3824 un
763 3757 924 3824 inimicum
946 3758 1111 3842 attingent,
1139 3776 1239 3841 neque
1257 3755 1321 3822 elie

248 3859 436 3941 huiusmodi,
460 3881 528 3945 quae
549 3881 655 3930 oursre
677 3866 709 3929 et
730 3882 865 3947 quaerere
895 3861 1036 3929 homiues
1063 3862 1186 3930 honesti
1208 3861 1319 3934 solent.
1421 3930 1427 3942 ,

353 4001 434 4070 lbid.
452 4002 528 4070 125:
542 3998 645 4071 δόντα
659 4000 762 4092 λόγον
775 4006 829 4071 καὶ
842 3997 1035 4090 ὑποσχόντα
1051 4003 1161 4088 νριόιν
1172 4005 1250 4088 περὶ
1274 3992 1322 4068 οἷν

248 4101 293 4172 ἄν
314 4133 366 4182 τις
389 4112 525 4198 ἐγκαλῇ,
554 4105 624 4177 τότ’
652 4104 849 4196 α’μιίνεσθαι
879 4106 961 4183 τούς
991 4103 1114 4184 detinere
1139 4103 1189 4194 ἐφ’
1211 4104 1319 4177 αὐτόν
1386 4112 1399 4134 ”
