3012 4652
582 321 720 378 Ciceronis
739 321 872 393 epistolae.
1162 324 1222 388 165

195 520 302 586 mortis
337 539 425 588 casus
457 521 602 604 rapuerit,
636 522 711 605 quid
744 485 815 604 post
846 523 1009 605 parentum
1038 525 1170 589 mortem
1198 521 1265 590 filio

194 629 331 694 futurum
354 628 404 707 sit,
429 627 582 712 quaritur.
1154 719 1166 734 .-

296 756 373 823 Ibid.
395 756 462 838 XV,
487 759 535 837 17,
559 757 595 824 2:
618 756 796 823 Mindius
820 757 1039 826 Marcellus
1062 758 1102 822 et
1123 758 1265 823 Attius

195 865 494 949 pigmentarius
523 863 642 931 valde
669 863 900 954 gaudebant
921 883 961 928 sa
983 862 1261 930 aduersarium

195 969 438 1054 perdidisse.
481 971 579 1038 Pravo
595 970 714 1037 Mindio
736 989 905 1055 cognomen
922 971 1121 1037 nobilissima
1137 969 1263 1036 familiae

195 1077 326 1142 additur.
397 1079 531 1163 Uterque
567 1079 658 1145 homo
702 1078 905 1162 contemptim
942 1081 1021 1156 (sine
1061 1077 1264 1160 praenomine)

196 1187 330 1268 quaestus
351 1205 460 1270 genere
475 1187 617 1252 notetur:
642 1184 819 1250 Mindius
842 1185 1048 1253 macellarius
1071 1188 1109 1250 et
1130 1183 1264 1250 Attius

195 1291 505 1377 pigmentarius.

295 1482 431 1570 lipistol.
468 1481 510 1549 ad
545 1481 645 1550 Attio.
682 1483 705 1563 l,
740 1483 768 1562 1,
802 1483 838 1548 2:
880 1481 1044 1548 Nostris
1086 1480 1263 1547 rationi-

195 1589 267 1656 bus
296 1591 462 1657 maxime
493 1590 717 1657 conducere
746 1589 909 1655 videtur
931 1589 1140 1684 Thermum
1165 1587 1263 1652 fieri

196 1713 280 1761 cum
313 1695 481 1777 Gaesare3
513 1716 623 1763 nemo
656 1697 719 1762 est
751 1697 853 1760 enim
889 1715 931 1760 ex
959 1694 1028 1773 iis,
1063 1695 1128 1777 qui
1162 1712 1263 1760 nunc

185 1803 356 1890 petunt,
393 1804 475 1887 qui,
518 1804 550 1869 si
586 1804 627 1868 in
664 1804 844 1870 nostrum
876 1821 1016 1867 annum
1048 1799 1263 1880 reciderit,

195 1904 356 1971 firmior
397 1910 643 1977 candidatus
680 1912 764 1976 fore
799 1906 1004 1986 videatur,
1048 1908 1265 1992 propterea

196 2012 298 2095 quod
327 2019 492 2084 curator
524 2020 585 2084 est
617 2019 688 2084 viae
720 2016 944 2094 Flaminiae,
975 2034 1056 2099 quae
1079 2034 1163 2081 cum
1185 2015 1265 2082 erit

197 2118 387 2187 absoluta
414 2143 508 2190 sane
535 2125 659 2190 lacile
689 2143 773 2190 eum
801 2123 981 2189 libenter
1011 2141 1113 2189 nunc
1135 2122 1265 2210 ceteri

197 2228 355 2293 consuli
388 2231 619 2296 acciderim.
674 2228 847 2296 Minucium
875 2229 1044 2295 Thermum
1072 2228 1177 2296 Cicero
1205 2229 1265 2295 hoc

196 2351 275 2399 anuo
309 2353 379 2399 cum
411 2336 529 2402 Caesare
561 2336 718 2404 consulem
751 2337 819 2402 fieri
850 2338 943 2420 cupit,
979 2338 1058 2421 quia,
1089 2336 1169 2402 siin
1194 2355 1266 2402 eum

197 2457 310 2505 annum
332 2442 476 2508 reciderit
497 2443 690 2524 candidatus,
721 2463 779 2528 quo
810 2445 875 2528 ipse
905 2441 1010 2508 Cicero
1036 2442 1190 2526 petiturus
1212 2440 1263 2520 sit,

196 2547 344 2613 absoluta
366 2551 424 2615 viae
447 2549 609 2615 Flaminiae
636 2551 737 2634 gratia
763 2551 901 2616 adiutum
932 2569 1002 2616 eum
1023 2550 1062 2615 iri
1085 2549 1117 2614 et
1138 2565 1264 2631 gravem

197 2656 430 2738 competitorem
454 2656 517 2722 lore
539 2656 696 2740 praevidet.
751 2659 848 2724 Prave
864 2674 1058 2731 ,concurrere
1085 2653 1209 2720 facile
1233 2655 1265 2719 et

196 2758 376 2829 libenter
399 2764 431 2831 et
446 2765 484 2829 ab
500 2763 677 2847 pronomine
700 2783 785 2830 eum
804 2782 914 2830 novam
930 2763 1063 2845 incipere
1079 2760 1263 2828 sententiam

196 2869 331 2951 apparet.
380 2871 455 2936 Haec
479 2871 634 2936 sententia
654 2871 832 2944 huiusmodi
855 2868 928 2935 luit:
962 2869 1055 2934 Turn
1084 2868 1265 2935 libenter

196 2992 297 3041 nnnc
331 2975 448 3044 Gasani
481 2977 643 3044 consulem
671 2976 863 3044 accuderim.
910 2977 1015 3041 Iocoso
1038 2974 1142 3044 Gicero
1172 2973 1264 3039 verbo

196 3081 294 3146 ut'tur
328 3083 365 3148 de
399 3085 463 3168 pari
497 3085 656 3150 consulum
691 3083 859 3150 conflando.
911 3084 1000 3149 Prior
1023 3081 1178 3150 sententia
1201 3079 1264 3146 vim

196 3188 345 3255 absolutae
372 3191 432 3256 uia
462 3191 624 3257 Flaminiae
651 3192 689 3256 ad
718 3191 887 3257 Thermum
910 3188 1186 3257 commendandum
1211 3186 1265 3252 de-

196 3294 346 3375 clarabat3
376 3297 506 3364 fortasse
536 3297 684 3381 scriptum
705 3299 820 3364 fuerat:
855 3317 937 3382 quae
970 3317 1052 3362 eum
1086 3297 1166 3360 erit
1197 3295 1264 3359 ab·

196 3402 349 3483 soluta,
387 3423 481 3470 saue
516 3403 628 3483 faciel,
665 3405 722 3471 hoc
760 3408 815 3483 est,
853 3424 925 3470 saue
962 3405 1034 3487 aget
1067 3403 1099 3466 et
1130 3401 1265 3465 multum

194 3506 319 3589 valebit,
341 3510 401 3575 nisi
423 3510 539 3595 aliquid
561 3513 632 3594 post
653 3511 777 3576 i'acile
800 3509 922 3578 excidit.
963 3511 1012 3591 [In
1035 3505 1265 3573 accuderim

194 3612 347 3681 inciderat
369 3617 489 3697 Rosius,
517 3617 623 3702 quiin
647 3618 756 3683 ceteris
778 3619 867 3701 longa
890 3617 979 3696 abit]

295 3733 373 3800 lbid.
399 3737 446 3815 14,
470 3737 508 3802 5:
531 3736 622 3802 Gum
652 3736 943 3802 decerneretur
971 3731 1179 3816 frequenti
1202 3749 1264 3796 se-

195 3842 307 3921 natu,
330 3846 469 3908 contra
490 3843 695 3928 pugnante
714 3841 880 3921 Pisone,
896 3841 941 3906 ad
957 3841 1076 3923 pedes
1092 3836 1264 3903 omnium

193 3947 448 4032 singillatim
481 3949 694 4016 accidente
718 3948 876 4028 Clodio,
907 3950 948 4012 ut
979 3944 1168 4014 consules
1195 3963 1263 4028 po-

193 4054 328 4137 pulum
360 4055 674 4122 cohortarentur
702 4056 748 4122 ad
776 4054 1030 4141 rogationem
1059 4051 1266 4136 accipien-

194 4157 296 4241 dam,
336 4161 520 4228 homines
556 4161 602 4228 ad
643 4163 872 4248 quindecim
907 4161 1073 4228 Curioni
1109 4159 1272 4226 nullum.
