3008 4654
323 297 385 361 266
681 299 741 354 tib.
759 299 796 354 11.
816 299 881 370 Gap.
900 299 947 354 Vl.

272 493 461 578 temporalis
482 503 580 574 (cum
604 533 640 544 -
665 494 904 574 excesserit)
929 499 962 564 et
986 495 1191 582 hypothetice
1213 494 1352 570 (lecis-

274 601 359 677 set)
391 619 498 685 neque,
520 605 557 667 ut
577 621 659 668 nunc
681 603 765 669 locus
794 603 947 682 scribitur,
975 603 1073 669 ullam
1102 603 1262 668 minimum
1284 619 1352 667 esse

283 705 540 791 significationem
573 707 761 774 condicionis
795 709 871 788 eius,
905 711 945 776 ad
976 727 1069 792 quam
1100 709 1168 776 lrrcc
1199 707 1353 774 sesenna

275 813 480 897 'hypothetica
496 814 754 881 accommodetur.
778 815 945 883 sententie
960 821 992 883 et
1008 815 1154 882 cratonis
1166 813 1354 880 cohaerentia

283 919 466 985 restituetur
486 939 546 987 non
568 919 615 986 ita
638 939 751 1004 magna
771 922 959 988 mutationes
990 922 1079 1002 Qua
1105 920 1194 986 lues
1216 919 1352 985 oriens

283 1025 519 1110 eprolundo
547 1027 716 1109 quodam
742 1032 879 1111 putee,
909 1047 994 1094 cnm
1023 1047 1064 1094 os
1094 1026 1181 1092 eins
1204 1023 1353 1102 essesut,

273 1131 366 1198 -siin
397 1131 525 1198 latum
554 1136 665 1208 ante,
697 1152 812 1216 quam
846 1135 1081 1214 sublimius,
1114 1132 1352 1217 vegetetur,

283 1239 416 1303 terras
438 1237 702 1305 circumsitas
724 1239 1026 1308 inhabitabiles
1046 1239 1276 1306 acerbitate
1298 1237 1353 1302 le·

283 1343 422 1410 risset
466 1343 499 1410 Si
522 1363 575 1410 aer
595 1345 754 1410 insaluber
771 1363 808 1412 ex
822 1363 873 1412 ore
886 1347 974 1430 putei
988 1346 1090 1413 editus
1105 1346 1193 1429 prius
1207 1344 1239 1410 in
1253 1345 1354 1410 latum

273 1450 470 1533 (muno)
492 1469 547 1535 per
567 1450 761 1534 superficiem
783 1453 874 1518 terra
888 1455 1063 1538 vagaretur,
1079 1471 1172 1536 qnam
1189 1446 1355 1517 sublimius

283 1557 489 1637 extolleretur,
522 1556 742 1624 inhabitabiles
774 1561 873 1625 terras
905 1558 1044 1634 lecissetr
1081 1577 1172 1634 nunc,
1208 1559 1355 1641 quoniam

284 1664 392 1730 statim
416 1663 559 1730 sublimis
580 1663 613 1728 in
636 1665 806 1746 superiores
821 1665 902 1732 aeris
916 1665 1058 1750 regiones
1072 1664 1230 1730 extollitur
1254 1681 1355 1746 neque

286 1771 317 1835 in
339 1769 438 1836 latum
460 1769 653 1844 diffunditur,
667 1787 728 1835 non
750 1771 844 1836 nocet
864 1772 955 1837 terris
977 1771 1040 1838 nisi
1060 1771 1093 1838 in
1114 1770 1252 1854 proximo
1274 1787 1356 1834 mar-

276 1875 357 1962 *gine
378 1877 474 1960 putei.
523 1877 620 1942 Paulo
654 1877 758 1942 durior
790 1875 936 1943 orationis
968 1878 1068 1944 forma
1101 1894 1156 1942 nec
1189 1875 1357 1942 tamenab

285 1985 448 2049 Ammiano
471 1981 635 2048 abhorrens
658 1983 690 2047 in
712 1982 794 2048 hisi
811 1982 846 2048 si
877 1983 916 2048 in
949 1985 1078 2050 latum
1110 1988 1218 2061 ante,
1241 1998 1355 2065 qnam

278 2088 524 2170 sublimius,
546 2090 787 2172 negaretur,
808 2107 870 2155 uno
891 2091 985 2156 verbo
1006 2089 1046 2156 ad
1067 2090 1235 2171 utrumqne
1256 2104 1355 2152 mem-

285 2195 376 2261 brum
397 2195 636 2276 accommodato,
669 2195 831 2273 vitaretur,
859 2195 887 2261 si
915 2197 960 2264 sic
986 2196 1186 2264 scriberetur:
1210 2212 1295 2259 cum
1316 2211 1357 2259 os

276 2300 373 2366 eius
404 2301 598 2382 excessit,
635 2301 670 2368 si
699 2301 864 2386 <iret>
900 2301 1104 2381 inlatum,
1144 2300 1361 2384 antequam
1484 2327 1485 2394 3

276 2407 508 2474 sublimine
551 2409 773 2492 vagaretur
813 2409 888 2483 cet-3
930 2407 984 2474 sed
1026 2408 1168 2474 audacior
1208 2408 1272 2474 hac
1311 2409 1362 2472 est

284 2514 432 2581 consutio
453 2516 574 2598 longius
596 2533 615 2579 a
635 2515 777 2600 uestigiis
798 2515 938 2582 codicum
960 2513 1129 2580 discedens.

385 2621 466 2687 Ibid.
488 2620 577 2704 §312
600 2621 787 2687 Abundat
809 2618 1189 2705 iaquccivitetibus
1211 2619 1359 2702 quibus

273 2727 453 2811 ·(Hauptius
475 2727 648 2805 (litibus)
664 2727 796 2794 Media
818 2733 857 2796 et
878 2725 983 2794 vicis
1004 2727 1042 2792 in
1066 2725 1220 2792 modum
1243 2724 1355 2808 oppi-

285 2833 422 2898 dorum
447 2835 674 2900 cxstructis
697 2836 754 2898 cet.
799 2834 850 2900 Src
865 2834 995 2901 codices
1039 2833 1223 2916 birroque
1241 2831 1358 2897 facien·

274 2937 357 3004 -dum
380 2940 485 3022 petius
503 2939 613 3024 itaque
628 2940 767 3022 (propter
781 2938 841 3006 soli
857 2939 1051 3006 fertilitatem
1066 2943 1139 3006 ante
1156 2938 1357 3086 descnptam)

275 3061 379 3128 cuam
402 3064 528 3129 aeqne,
550 3046 632 3129 quod
654 3065 735 3112 nnuc
757 3046 874 3112 oditur

388 3152 464 3218 lbid.
484 3152 572 3236 §632
595 3152 707 3216 luter
728 3152 900 3217 llumina
920 3151 1171 3229 ueromulta,
1193 3168 1359 3235 quteper

276 3258 354 3324 ‹has
390 3262 523 3324 terres
560 3259 623 3324 uel
659 3258 888 3342 potioribus
929 3257 1066 3344 iungit
1108 3259 1251 3323 natura
1293 3256 1358 3322 rel

284 3364 400 3446 lapsu
433 3368 524 3448 post
555 3365 687 3431 trahit
716 3367 755 3431 iu
784 3382 891 3431 mare
912 3366 971 3430 cet.
1014 3363 1157 3448 Ineptum
1179 3365 1228 3428 est
1248 3362 1356 3446 post;

273 3470 477 3537 -desideratur
500 3472 612 3555 proprii
636 3476 669 3538 et
690 3491 708 3538 a
729 3471 841 3538 ceteris
871 3471 1004 3556 separati
1032 3469 1138 3554 lapsus
1159 3468 1356 3554 significatio.

283 3577 501 3646 Scribonium:
537 3581 655 3664 lapsu
690 3581 805 3664 suopte
840 3577 971 3643 trahit
1008 3577 1048 3642 in
1085 3595 1201 3644 mare.
1251 3576 1357 3642 Semel

272 3684 408 3768 :scriptis
429 3685 542 3751 litteris
564 3703 608 3750 su
629 3684 807 3751 terminatio
830 3684 1017 3768 pronominis
1038 3684 1180 3766 corrupta
1202 3686 1259 3748 est

385 3802 464 3870 Ibit.
486 3803 572 3887 §642
605 3804 650 3868 ab
672 3801 925 3869 occidentali
946 3801 1078 3866 latere
1099 3787 1263 3884 Scythis
1284 3817 1357 3865 an-

282 3926 419 3987 nexos,
441 3927 460 3974 a
482 3909 763 3993 septentrione
785 3911 824 3973 ct
847 3905 1045 3973 orientali
1073 3924 1176 3972 uesae
1197 3905 1357 3972 solitu-

272 4015 369 4082 ·dini
392 4015 649 4081 cohaerentes.
693 4013 745 4081 Sic
768 4014 805 4079 V.
848 4012 1007 4078 illicitur:
1029 4031 1048 4078 a
1069 4012 1357 4096 septentrione

274 4125 324 4188 et
346 4121 474 4188 emente
495 4121 645 4187 nivosa
667 4126 751 4199 (non,
773 4120 809 4183 ut
830 4118 939 4198 editur,
963 4118 1184 4213 orientali).
