3008 4654
295 305 357 371 m
654 305 919 374 mmmm

254 504 453 571 oadebaut
482 506 552 570 aut
578 503 729 569 laniati
754 501 955 568 volvendo
976 498 1326 581 stantesproxime

254 610 552 677 subvertebant
581 611 651 676 aut
671 609 783 674 eerte
804 608 965 689 spinula
985 605 1178 674 membris
1198 602 1325 669 inlisa

255 717 444 783 viventes
474 715 603 782 adbuc
634 713 816 780 vellendi
847 715 1003 796 peritos
1036 713 1322 798 quaeritabant.

254 821 404 889 Viventes
425 822 498 900 (boe
518 823 576 898 eet,
598 821 675 898 viri)
701 838 809 886 omues
828 821 965 903 prolaeta
989 823 1087 896 mant,
1109 817 1164 902 qui
1183 835 1323 884 oomme-

255 931 414 994 marmur
444 928 553 1004 nuoii,
584 946 682 1012 neque
714 924 882 992 verendum
915 929 993 1002 erut
1024 943 1064 991 ue
1095 926 1166 1008 quis
1197 925 1326 1006 putaret

254 1039 393 1102 mortuos
414 1033 570 1118 quuisse,
603 1034 656 1118 qui
689 1033 749 1098 subi
781 1033 987 1098 subvenirent
1044 1031 1093 1097 lie
1128 1029 1323 1098 aumatium

254 1139 380 1224 quidem
412 1140 587 1222 (spionia
619 1139 808 1206 membris
839 1138 981 1216 infixa)
1009 1141 1092 1203 reule
1120 1157 1190 1203 oum
1219 1134 1326 1202 verbis
1355 1134 1366 1153 “

255 1243 441 1312 vellendi
462 1247 620 1327 peritos
640 1246 844 1329 coniungitur.
888 1244 1106 1310 scribendum:
1128 1245 1195 1309 aut
1215 1243 1322 1308 uerte

254 1352 413 1434 spienla
434 1351 625 1417 membris
646 1350 776 1417 infixa
798 1350 954 1418 robertes
981 1350 1110 1416 adhue
1138 1348 1323 1416 vellendi

253 1458 412 1541 peritos
433 1458 718 1542 quaeritabant

357 1597 435 1665 lbid.
463 1601 494 1678 4,
523 1599 561 1663 82
600 1599 743 1681 paucis
775 1598 1069 1679 intemperanti
1101 1599 1198 1662 resin
1231 1612 1323 1660 oon-

255 1705 448 1789 sumptis,
481 1721 578 1790 qnos
608 1703 833 1770 multitudo
862 1705 1055 1789 angebat,
1076 1703 1239 1768 taudem
1261 1701 1326 1765 eet

255 1811 384 1877 Prorsus
405 1811 535 1895 eogitari
557 1810 672 1893 nequit,
697 1809 850 1895 quomodo
873 1807 1042 1874 multitudo
1057 1827 1169 1893 augere
1185 1807 1325 1890 potuerit

254 1915 396 1984 homines
431 1921 509 1983 sesto
542 1917 749 1999 consumptos.
808 1915 988 1994 Multitudo,
1024 1915 1083 1981 boo
1118 1915 1175 1992 est,
1212 1911 1324 1997 vulgus

255 2023 394 2088 militum
414 2021 559 2108 augebat
581 2025 659 2088 aestu
680 2025 888 2107 consumptos,
911 2025 955 2102 nt,
978 2023 1032 2106 qui
1054 2041 1086 2087 re
1107 2020 1326 2104 pauciesseut,

255 2129 338 2196 inmo
361 2129 650 2213 multiplicarentur.

355 2266 436 2334 lbid.
460 2267 509 2349 10,
531 2270 569 2336 4:
595 2267 762 2354 Moxque
783 2270 917 2337 divini
938 2267 1115 2337 arbitrio
1136 2266 1325 2346 numinis,

253 2373 357 2459 quod
377 2375 489 2441 auxit
517 2375 563 2442 ub
591 2375 854 2442 incunabulis
877 2377 1034 2442 Romam
1061 2374 1321 2458 perpetuam-

252 2499 327 2566 que
359 2481 444 2547 fore
476 2481 704 2566 respondit,
737 2481 827 2549 dum
848 2483 1059 2549 Tertullus
1081 2481 1184 2564 apud
1206 2480 1324 2548 Ostia

252 2587 291 2652 in
313 2587 391 2653 aede
413 2588 629 2655 sacrificet
650 2589 880 2667 Castorum,
902 2586 1197 2671 tranquillitos
1218 2589 1324 2651 mare

251 2691 435 2760 mollivit
456 2696 514 2761 oet
569 2693 639 2760 Non
671 2694 838 2777 respondet
866 2695 923 2761 boe
949 2713 1073 2774 numen,
1103 2693 1158 2760 sed
1179 2691 1321 2780 spondet

252 2799 476 2885 promittitque.
531 2801 642 2866 lirrore
670 2801 827 2886 geminata
856 2803 904 2868 eet
932 2800 1049 2886 syllaba
1070 2819 1110 2866 re
1131 2800 1322 2883 verbumque

251 2909 519 2974 aeoommodatnm
541 2907 691 2989 superiori
713 2908 841 2982 aurit,
863 2925 998 2990 presens
1013 2910 1135 2988 tempus
1158 2907 1230 2988 apte
1254 2905 1319 2990 sig·

252 3011 358 3080 uideat
381 3014 509 3080 eundem
532 3013 627 3079 etium
649 3032 729 3078 nune
750 3011 877 3078 deorum
901 3014 1034 3080 favorem
1056 3030 1134 3079 esse.

353 3163 419 3230 Lib.
441 3163 512 3242 XX,
527 3165 556 3243 5,
573 3164 610 3228 6:
632 3164 728 3231 Post
749 3185 831 3250 qua
852 3167 994 3250 opinor
1014 3166 1131 3232 tanta
1154 3168 1194 3230 et
1214 3164 1321 3230 talio

251 3287 321 3336 neo
342 3271 636 3353 posteritatem
664 3272 885 3337 taciturum
911 3272 958 3336 de
986 3271 1140 3337 vestris
1170 3272 1209 3336 in
1238 3289 1317 3335 rem

249 3375 451 3460 publioam
483 3377 645 3443 meritis
674 3395 748 3461 que
779 3379 971 3462 gentibus
993 3379 1154 3443 eunetis
1183 3376 1320 3460 plene,

249 3499 364 3566 quem
386 3483 536 3550 altiore
557 3483 732 3568 fastigio
755 3482 992 3550 maiestatis
1014 3483 1211 3562 ornastis,
1235 3482 1318 3546 rir-

249 3589 338 3654 tnte
359 3589 665 3673 gravitateque,
689 3591 723 3656 si
744 3591 839 3674 quid
862 3590 1073 3656 adversum
1096 3589 1320 3673 ingruerit,

249 3692 494 3760 defendetis.
535 3693 585 3761 Sie
607 3694 728 3762 oodioes
749 3696 811 3763 fide
833 3695 928 3782 digni.
972 3694 1096 3762 Gelenii
1117 3694 1319 3780 interpolatio

250 3817 288 3864 ne
321 3801 453 3884 speeiem
481 3801 606 3884 quidem
633 3803 775 3868 veritatis
797 3803 902 3869 habet.
948 3801 1022 3868 Looi
1053 3800 1164 3866 laeuus
1196 3801 1319 3884 aliquot

248 3905 410 3972 verborum
432 3907 521 3973 baeti
536 3907 609 3974 baeo
633 3910 732 3974 lueret
753 3908 825 3975 olim
847 3909 963 3976 formu:
979 3945 1019 3958 -
1034 3906 1080 3972 de
1103 3908 1254 3973 uestris
1275 3907 1317 3972 in

249 4013 557 4094 rempublicam
589 4015 767 4093 meritis,
801 4032 872 4100 quse
915 4015 1109 4099 gentibus
1153 4014 1317 4081 eunetis

247 4115 479 4202 spleu<dont;
501 4137 572 4184 neo
592 4119 750 4200 dubito,
765 4123 920 4204 quin,>
939 4121 1317 4205 quem...ornsstis,
