<?xml version="1.0" encoding="UTF-8"?>
<!DOCTYPE html PUBLIC "-//W3C//DTD XHTML 1.0 Transitional//EN"
    "http://www.w3.org/TR/xhtml1/DTD/xhtml1-transitional.dtd">
<html xmlns="http://www.w3.org/1999/xhtml" xml:lang="en" lang="en">
 <head>
  <title>
</title>
<meta http-equiv="Content-Type" content="text/html;charset=utf-8" />
  <meta name='ocr-system' content='tesseract 3.04.00' />
  <meta name='ocr-capabilities' content='ocr_page ocr_carea ocr_par ocr_line ocrx_word'/>
</head>
<body>
  <div class='ocr_page' id='page_1' title='image "./adversariacriti04madvgoog_0167.png"; bbox 0 0 3012 4652; ppageno 0'>
   <div class='ocr_carea' id='block_1_1' title="bbox 320 279 945 350">
    <p class='ocr_par' dir='ltr' id='par_1_1' title="bbox 320 279 945 350">
     <span class='ocr_line' id='line_1_1' title="bbox 320 279 945 350; baseline -0.014 -9"><span class='ocrx_word' id='word_1_1' title='bbox 320 279 382 344; x_wconf 63' lang='lat' dir='ltr'><strong>m</strong></span> <span class='ocrx_word' id='word_1_2' title='bbox 679 279 945 350; x_wconf 58' lang='lat' dir='ltr'><strong>mem</strong></span> 
     </span>
    </p>
   </div>
   <div class='ocr_carea' id='block_1_2' title="bbox 278 435 1489 561">
    <p class='ocr_par' dir='ltr' id='par_1_2' title="bbox 278 435 1489 561">
     <span class='ocr_line' id='line_1_2' title="bbox 278 435 1489 561; baseline -0.007 -16"><span class='ocrx_word' id='word_1_3' title='bbox 278 477 493 561; x_wconf 87' lang='lat' dir='ltr'><strong>Pompeius</strong></span> <span class='ocrx_word' id='word_1_4' title='bbox 533 497 573 543; x_wconf 91' lang='lat' dir='ltr'><strong>se</strong></span> <span class='ocrx_word' id='word_1_5' title='bbox 609 477 810 561; x_wconf 84' lang='lat' dir='ltr'><strong>legionem</strong></span> <span class='ocrx_word' id='word_1_6' title='bbox 847 477 1132 554; x_wconf 88' lang='lat' dir='ltr'><strong>abducturum,</strong></span> <span class='ocrx_word' id='word_1_7' title='bbox 1168 475 1235 540; x_wconf 87' lang='lat' dir='ltr'><strong>sed</strong></span> <span class='ocrx_word' id='word_1_8' title='bbox 1272 493 1346 540; x_wconf 93' lang='lat' dir='ltr'><strong>nou</strong></span> <span class='ocrx_word' id='word_1_9' title='bbox 1488 435 1489 528; x_wconf 45' lang='lat' dir='ltr'><strong>ff</strong></span> 
     </span>
    </p>
   </div>
   <div class='ocr_carea' id='block_1_3' title="bbox 277 583 1346 1413">
    <p class='ocr_par' dir='ltr' id='par_1_3' title="bbox 277 583 1346 1413">
     <span class='ocr_line' id='line_1_3' title="bbox 278 583 1346 651; baseline -0.006 0"><span class='ocrx_word' id='word_1_10' title='bbox 278 586 419 651; x_wconf 89' lang='lat' dir='ltr'><strong>statim</strong></span> <span class='ocrx_word' id='word_1_11' title='bbox 443 586 514 650; x_wconf 86' lang='lat' dir='ltr'><strong>snb</strong></span> <span class='ocrx_word' id='word_1_12' title='bbox 538 586 782 650; x_wconf 92' lang='lat' dir='ltr'><strong>mentionem</strong></span> <span class='ocrx_word' id='word_1_13' title='bbox 812 585 852 647; x_wconf 90' lang='lat' dir='ltr'><strong>et</strong></span> <span class='ocrx_word' id='word_1_14' title='bbox 881 583 1109 650; x_wconf 83' lang='lat' dir='ltr'><strong>conuicium</strong></span> <span class='ocrx_word' id='word_1_15' title='bbox 1137 583 1346 647; x_wconf 89' lang='lat' dir='ltr'><strong>obtrecta-</strong></span> 
     </span>
     <span class='ocr_line' id='line_1_4' title="bbox 278 685 1344 774; baseline -0.006 -19"><span class='ocrx_word' id='word_1_16' title='bbox 278 694 418 756; x_wconf 80' lang='lat' dir='ltr'><strong>torum.</strong></span> <span class='ocrx_word' id='word_1_17' title='bbox 476 689 605 756; x_wconf 83' lang='lat' dir='ltr'><strong>Sulrlato</strong></span> <span class='ocrx_word' id='word_1_18' title='bbox 638 693 793 774; x_wconf 88' lang='lat' dir='ltr'><strong>postremo</strong></span> <span class='ocrx_word' id='word_1_19' title='bbox 824 691 892 756; x_wconf 96' lang='lat' dir='ltr'><strong>loco</strong></span> <span class='ocrx_word' id='word_1_20' title='bbox 925 691 1066 772; x_wconf 87' lang='lat' dir='ltr'><strong>Pompeii</strong></span> <span class='ocrx_word' id='word_1_21' title='bbox 1098 689 1230 766; x_wconf 91' lang='lat' dir='ltr'><strong>nomine,</strong></span> <span class='ocrx_word' id='word_1_22' title='bbox 1263 685 1344 770; x_wconf 91' lang='lat' dir='ltr'><strong>quod</strong></span> 
     </span>
     <span class='ocr_line' id='line_1_5' title="bbox 279 794 1346 881; baseline -0.003 -20"><span class='ocrx_word' id='word_1_23' title='bbox 279 815 378 862; x_wconf 90' lang='lat' dir='ltr'><strong>errore</strong></span> <span class='ocrx_word' id='word_1_24' title='bbox 410 797 602 881; x_wconf 86' lang='lat' dir='ltr'><strong>geminatum</strong></span> <span class='ocrx_word' id='word_1_25' title='bbox 635 802 692 875; x_wconf 89' lang='lat' dir='ltr'><strong>est,</strong></span> <span class='ocrx_word' id='word_1_26' title='bbox 725 798 822 864; x_wconf 91' lang='lat' dir='ltr'><strong>oratio</strong></span> <span class='ocrx_word' id='word_1_27' title='bbox 857 797 904 862; x_wconf 91' lang='lat' dir='ltr'><strong>sic</strong></span> <span class='ocrx_word' id='word_1_28' title='bbox 935 795 1180 881; x_wconf 78' lang='lat' dir='ltr'><strong>interpungenda</strong></span> <span class='ocrx_word' id='word_1_29' title='bbox 1210 794 1275 860; x_wconf 88' lang='lat' dir='ltr'><strong>est:</strong></span> <span class='ocrx_word' id='word_1_30' title='bbox 1304 829 1346 840; x_wconf 89' lang='lat'>—</span> 
     </span>
     <span class='ocr_line' id='line_1_6' title="bbox 279 902 1345 989; baseline -0.005 -21"><span class='ocrx_word' id='word_1_31' title='bbox 279 902 431 969; x_wconf 89' lang='lat' dir='ltr'><strong>mentio</strong></span> <span class='ocrx_word' id='word_1_32' title='bbox 452 903 561 970; x_wconf 87' lang='lat' dir='ltr'><strong>facta</strong></span> <span class='ocrx_word' id='word_1_33' title='bbox 583 909 644 970; x_wconf 91' lang='lat' dir='ltr'><strong>est</strong></span> <span class='ocrx_word' id='word_1_34' title='bbox 670 905 716 970; x_wconf 89' lang='lat' dir='ltr'><strong>de</strong></span> <span class='ocrx_word' id='word_1_35' title='bbox 737 905 902 989; x_wconf 84' lang='lat' dir='ltr'><strong>legione</strong></span> <span class='ocrx_word' id='word_1_36' title='bbox 923 922 984 982; x_wconf 88' lang='lat' dir='ltr'><strong>ea,</strong></span> <span class='ocrx_word' id='word_1_37' title='bbox 1006 918 1345 986; x_wconf 88' lang='lat' dir='ltr'><strong>qnamexponsam</strong></span> 
     </span>
     <span class='ocr_line' id='line_1_7' title="bbox 277 1009 1346 1094; baseline -0.003 -20"><span class='ocrx_word' id='word_1_38' title='bbox 277 1009 380 1075; x_wconf 90' lang='lat' dir='ltr'><strong>tulit</strong></span> <span class='ocrx_word' id='word_1_39' title='bbox 413 1010 446 1075; x_wconf 83' lang='lat' dir='ltr'><strong>C.</strong></span> <span class='ocrx_word' id='word_1_40' title='bbox 477 1010 625 1076; x_wconf 77' lang='lat' dir='ltr'><strong>Caesari</strong></span> <span class='ocrx_word' id='word_1_41' title='bbox 655 1010 888 1094; x_wconf 87' lang='lat' dir='ltr'><strong>Pompeius,</strong></span> <span class='ocrx_word' id='word_1_42' title='bbox 921 1028 995 1094; x_wconf 91' lang='lat' dir='ltr'><strong>qno</strong></span> <span class='ocrx_word' id='word_1_43' title='bbox 1027 1027 1188 1075; x_wconf 92' lang='lat' dir='ltr'><strong>numero</strong></span> <span class='ocrx_word' id='word_1_44' title='bbox 1219 1010 1346 1084; x_wconf 88' lang='lat' dir='ltr'><strong>esset,</strong></span> 
     </span>
     <span class='ocr_line' id='line_1_8' title="bbox 279 1115 1346 1201; baseline -0.003 -21"><span class='ocrx_word' id='word_1_45' title='bbox 279 1115 408 1199; x_wconf 91' lang='lat' dir='ltr'><strong>quoad</strong></span> <span class='ocrx_word' id='word_1_46' title='bbox 439 1119 667 1198; x_wconf 90' lang='lat' dir='ltr'><strong>peteretur,</strong></span> <span class='ocrx_word' id='word_1_47' title='bbox 699 1137 784 1184; x_wconf 91' lang='lat' dir='ltr'><strong>cnm</strong></span> <span class='ocrx_word' id='word_1_48' title='bbox 814 1125 887 1201; x_wconf 90' lang='lat' dir='ltr'><strong>(qna</strong></span> <span class='ocrx_word' id='word_1_49' title='bbox 916 1115 1084 1194; x_wconf 75' lang='lat' dir='ltr'><strong>occasione,</strong></span> <span class='ocrx_word' id='word_1_50' title='bbox 1113 1135 1173 1198; x_wconf 86' lang='lat' dir='ltr'><strong>quo</strong></span> <span class='ocrx_word' id='word_1_51' title='bbox 1195 1116 1346 1198; x_wconf 87' lang='lat' dir='ltr'><strong>tempora)</strong></span> 
     </span>
     <span class='ocr_line' id='line_1_9' title="bbox 277 1221 1345 1308; baseline -0.003 -21"><span class='ocrx_word' id='word_1_52' title='bbox 277 1222 508 1308; x_wconf 89' lang='lat' dir='ltr'><strong>Pompeius,</strong></span> <span class='ocrx_word' id='word_1_53' title='bbox 543 1243 632 1290; x_wconf 89' lang='lat' dir='ltr'><strong>osse</strong></span> <span class='ocrx_word' id='word_1_54' title='bbox 663 1224 703 1289; x_wconf 93' lang='lat' dir='ltr'><strong>iu</strong></span> <span class='ocrx_word' id='word_1_55' title='bbox 736 1223 892 1301; x_wconf 81' lang='lat' dir='ltr'><strong>Gallia,</strong></span> <span class='ocrx_word' id='word_1_56' title='bbox 923 1225 1089 1289; x_wconf 88' lang='lat' dir='ltr'><strong>coactus</strong></span> <span class='ocrx_word' id='word_1_57' title='bbox 1111 1225 1173 1288; x_wconf 90' lang='lat' dir='ltr'><strong>est</strong></span> <span class='ocrx_word' id='word_1_58' title='bbox 1195 1221 1345 1297; x_wconf 87' lang='lat' dir='ltr'><strong>dicere;</strong></span> 
     </span>
     <span class='ocr_line' id='line_1_10' title="bbox 278 1329 912 1413; baseline -0.005 -17"><span class='ocrx_word' id='word_1_59' title='bbox 278 1349 317 1396; x_wconf 89' lang='lat' dir='ltr'><strong>se</strong></span> <span class='ocrx_word' id='word_1_60' title='bbox 339 1329 539 1413; x_wconf 81' lang='lat' dir='ltr'><strong>legionem</strong></span> <span class='ocrx_word' id='word_1_61' title='bbox 561 1329 829 1396; x_wconf 88' lang='lat' dir='ltr'><strong>abducturum</strong></span> <span class='ocrx_word' id='word_1_62' title='bbox 852 1331 912 1396; x_wconf 91' lang='lat' dir='ltr'><strong>cet.</strong></span> 
     </span>
    </p>
   </div>
   <div class='ocr_carea' id='block_1_4' title="bbox 379 1433 1489 1520">
    <p class='ocr_par' dir='ltr' id='par_1_4' title="bbox 379 1433 1489 1520">
     <span class='ocr_line' id='line_1_11' title="bbox 379 1433 1489 1520; baseline -0.003 -20"><span class='ocrx_word' id='word_1_63' title='bbox 379 1435 459 1500; x_wconf 85' lang='lat' dir='ltr'><strong>ibid.</strong></span> <span class='ocrx_word' id='word_1_64' title='bbox 482 1437 511 1515; x_wconf 86' lang='lat'><strong>9,</strong></span> <span class='ocrx_word' id='word_1_65' title='bbox 535 1437 571 1504; x_wconf 89' lang='lat'><strong>1:</strong></span> <span class='ocrx_word' id='word_1_66' title='bbox 594 1437 689 1502; x_wconf 90' lang='lat' dir='ltr'><strong>Post</strong></span> <span class='ocrx_word' id='word_1_67' title='bbox 716 1436 922 1520; x_wconf 75' lang='lat' dir='ltr'><strong>repulsam</strong></span> <span class='ocrx_word' id='word_1_68' title='bbox 948 1455 1042 1502; x_wconf 86' lang='lat' dir='ltr'><strong>rero</strong></span> <span class='ocrx_word' id='word_1_69' title='bbox 1072 1436 1210 1513; x_wconf 87' lang='lat' dir='ltr'><strong>(Hirrus)</strong></span> <span class='ocrx_word' id='word_1_70' title='bbox 1239 1433 1346 1498; x_wconf 91' lang='lat' dir='ltr'><strong>risus</strong></span> <span class='ocrx_word' id='word_1_71' title='bbox 1488 1445 1489 1456; x_wconf 59' lang='lat'>¹</span> 
     </span>
    </p>
   </div>
   <div class='ocr_carea' id='block_1_5' title="bbox 278 1541 1347 1948">
    <p class='ocr_par' dir='ltr' id='par_1_5' title="bbox 278 1541 1347 1948">
     <span class='ocr_line' id='line_1_12' title="bbox 278 1541 1345 1620; baseline -0.002 -14"><span class='ocrx_word' id='word_1_72' title='bbox 278 1543 396 1620; x_wconf 78' lang='lat' dir='ltr'><strong>facit3</strong></span> <span class='ocrx_word' id='word_1_73' title='bbox 429 1543 555 1609; x_wconf 80' lang='lat' dir='ltr'><strong>ciuem</strong></span> <span class='ocrx_word' id='word_1_74' title='bbox 588 1544 730 1609; x_wconf 89' lang='lat' dir='ltr'><strong>bonum</strong></span> <span class='ocrx_word' id='word_1_75' title='bbox 763 1543 874 1608; x_wconf 89' lang='lat' dir='ltr'><strong>ludit</strong></span> <span class='ocrx_word' id='word_1_76' title='bbox 907 1546 946 1609; x_wconf 92' lang='lat' dir='ltr'><strong>et</strong></span> <span class='ocrx_word' id='word_1_77' title='bbox 980 1545 1121 1609; x_wconf 90' lang='lat' dir='ltr'><strong>contra</strong></span> <span class='ocrx_word' id='word_1_78' title='bbox 1153 1541 1345 1607; x_wconf 74' lang='lat' dir='ltr'><strong>Gaesarem</strong></span> 
     </span>
     <span class='ocr_line' id='line_1_13' title="bbox 278 1646 1345 1734; baseline -0.005 -18"><span class='ocrx_word' id='word_1_79' title='bbox 278 1650 510 1716; x_wconf 88' lang='lat' dir='ltr'><strong>sententias</strong></span> <span class='ocrx_word' id='word_1_80' title='bbox 533 1649 654 1728; x_wconf 85' lang='lat' dir='ltr'><strong>dicit;</strong></span> <span class='ocrx_word' id='word_1_81' title='bbox 677 1651 1027 1734; x_wconf 77' lang='lat' dir='ltr'><strong>exspectationem</strong></span> <span class='ocrx_word' id='word_1_82' title='bbox 1049 1647 1241 1732; x_wconf 90' lang='lat' dir='ltr'><strong>corripit;</strong></span> <span class='ocrx_word' id='word_1_83' title='bbox 1270 1646 1345 1712; x_wconf 82' lang='lat' dir='ltr'><strong>Gn·</strong></span> 
     </span>
     <span class='ocr_line' id='line_1_14' title="bbox 278 1755 1347 1839; baseline -0.001 -18"><span class='ocrx_word' id='word_1_84' title='bbox 278 1758 430 1822; x_wconf 89' lang='lat' dir='ltr'><strong>rionem</strong></span> <span class='ocrx_word' id='word_1_85' title='bbox 463 1776 629 1839; x_wconf 90' lang='lat' dir='ltr'><strong>prorsus</strong></span> <span class='ocrx_word' id='word_1_86' title='bbox 663 1759 867 1823; x_wconf 90' lang='lat' dir='ltr'><strong>curionem</strong></span> <span class='ocrx_word' id='word_1_87' title='bbox 897 1775 971 1823; x_wconf 93' lang='lat' dir='ltr'><strong>uon</strong></span> <span class='ocrx_word' id='word_1_88' title='bbox 994 1755 1259 1822; x_wconf 84' lang='lat' dir='ltr'><strong>mediocriter</strong></span> <span class='ocrx_word' id='word_1_89' title='bbox 1279 1755 1347 1820; x_wconf 93' lang='lat' dir='ltr'><strong>ob-</strong></span> 
     </span>
     <span class='ocr_line' id='line_1_15' title="bbox 278 1858 1347 1948; baseline -0.004 -19"><span class='ocrx_word' id='word_1_90' title='bbox 278 1863 467 1948; x_wconf 87' lang='lat' dir='ltr'><strong>iurgatus</strong></span> <span class='ocrx_word' id='word_1_91' title='bbox 489 1882 533 1929; x_wconf 87' lang='lat' dir='ltr'><strong>ac</strong></span> <span class='ocrx_word' id='word_1_92' title='bbox 553 1863 719 1947; x_wconf 87' lang='lat' dir='ltr'><strong>repulsa</strong></span> <span class='ocrx_word' id='word_1_93' title='bbox 739 1883 780 1930; x_wconf 89' lang='lat' dir='ltr'><strong>so</strong></span> <span class='ocrx_word' id='word_1_94' title='bbox 802 1864 987 1930; x_wconf 84' lang='lat' dir='ltr'><strong>mutavit</strong></span> <span class='ocrx_word' id='word_1_95' title='bbox 1044 1862 1238 1946; x_wconf 84' lang='lat' dir='ltr'><strong>Quamquam</strong></span> <span class='ocrx_word' id='word_1_96' title='bbox 1260 1858 1347 1926; x_wconf 78' lang='lat' dir='ltr'><strong>celii</strong></span> 
     </span>
    </p>
   </div>
   <div class='ocr_carea' id='block_1_6' title="bbox 278 1969 1348 3208">
    <p class='ocr_par' dir='ltr' id='par_1_6' title="bbox 278 1969 1348 3208">
     <span class='ocr_line' id='line_1_16' title="bbox 280 1969 1346 2054; baseline -0.002 -20"><span class='ocrx_word' id='word_1_97' title='bbox 280 1971 427 2054; x_wconf 88' lang='lat' dir='ltr'><strong>epistolas</strong></span> <span class='ocrx_word' id='word_1_98' title='bbox 456 1971 581 2053; x_wconf 89' lang='lat' dir='ltr'><strong>propter</strong></span> <span class='ocrx_word' id='word_1_99' title='bbox 606 1972 709 2036; x_wconf 88' lang='lat' dir='ltr'><strong>totum</strong></span> <span class='ocrx_word' id='word_1_100' title='bbox 737 1971 882 2038; x_wconf 91' lang='lat' dir='ltr'><strong>orationis</strong></span> <span class='ocrx_word' id='word_1_101' title='bbox 911 1974 943 2037; x_wconf 91' lang='lat' dir='ltr'><strong>et</strong></span> <span class='ocrx_word' id='word_1_102' title='bbox 972 1969 1128 2036; x_wconf 88' lang='lat' dir='ltr'><strong>scribendi</strong></span> <span class='ocrx_word' id='word_1_103' title='bbox 1154 1986 1253 2054; x_wconf 84' lang='lat' dir='ltr'><strong>genus</strong></span> <span class='ocrx_word' id='word_1_104' title='bbox 1274 1985 1346 2034; x_wconf 91' lang='lat' dir='ltr'><strong>cau·</strong></span> 
     </span>
     <span class='ocr_line' id='line_1_17' title="bbox 279 2074 1348 2162; baseline -0.005 -21"><span class='ocrx_word' id='word_1_105' title='bbox 279 2076 401 2142; x_wconf 82' lang='lat' dir='ltr'><strong>tissime</strong></span> <span class='ocrx_word' id='word_1_106' title='bbox 436 2076 589 2162; x_wconf 84' lang='lat' dir='ltr'><strong>attingere</strong></span> <span class='ocrx_word' id='word_1_107' title='bbox 626 2077 756 2159; x_wconf 79' lang='lat' dir='ltr'><strong>oportet</strong></span> <span class='ocrx_word' id='word_1_108' title='bbox 797 2077 1004 2143; x_wconf 87' lang='lat' dir='ltr'><strong>certissimum</strong></span> <span class='ocrx_word' id='word_1_109' title='bbox 1041 2077 1146 2142; x_wconf 65' lang='lat' dir='ltr'><strong>umen</strong></span> <span class='ocrx_word' id='word_1_110' title='bbox 1183 2077 1232 2141; x_wconf 88' lang='lat' dir='ltr'><strong>est</strong></span> <span class='ocrx_word' id='word_1_111' title='bbox 1265 2074 1348 2140; x_wconf 89' lang='lat' dir='ltr'><strong>inter</strong></span> 
     </span>
     <span class='ocr_line' id='line_1_18' title="bbox 279 2179 1345 2268; baseline -0.002 -22"><span class='ocrx_word' id='word_1_112' title='bbox 279 2181 431 2248; x_wconf 76' lang='lat' dir='ltr'><strong>Caesarem</strong></span> <span class='ocrx_word' id='word_1_113' title='bbox 452 2186 484 2247; x_wconf 92' lang='lat' dir='ltr'><strong>et</strong></span> <span class='ocrx_word' id='word_1_114' title='bbox 505 2183 670 2250; x_wconf 77' lang='lat' dir='ltr'><strong>Curionem</strong></span> <span class='ocrx_word' id='word_1_115' title='bbox 691 2186 810 2265; x_wconf 91' lang='lat' dir='ltr'><strong>impetn</strong></span> <span class='ocrx_word' id='word_1_116' title='bbox 832 2182 917 2248; x_wconf 88' lang='lat' dir='ltr'><strong>Hirri</strong></span> <span class='ocrx_word' id='word_1_117' title='bbox 935 2183 1048 2268; x_wconf 88' lang='lat' dir='ltr'><strong>petitos</strong></span> <span class='ocrx_word' id='word_1_118' title='bbox 1069 2202 1162 2267; x_wconf 84' lang='lat' dir='ltr'><strong>prave</strong></span> <span class='ocrx_word' id='word_1_119' title='bbox 1184 2179 1345 2265; x_wconf 89' lang='lat' dir='ltr'><strong>interponi,</strong></span> 
     </span>
     <span class='ocr_line' id='line_1_19' title="bbox 279 2287 1347 2374; baseline -0.002 -20"><span class='ocrx_word' id='word_1_120' title='bbox 279 2289 317 2354; x_wconf 89' lang='lat' dir='ltr'><strong>ab</strong></span> <span class='ocrx_word' id='word_1_121' title='bbox 340 2307 376 2354; x_wconf 92' lang='lat' dir='ltr'><strong>eo</strong></span> <span class='ocrx_word' id='word_1_122' title='bbox 397 2291 568 2372; x_wconf 78' lang='lat' dir='ltr'><strong>correptam</strong></span> <span class='ocrx_word' id='word_1_123' title='bbox 590 2291 861 2374; x_wconf 78' lang='lat' dir='ltr'><strong>exspectationem,</strong></span> <span class='ocrx_word' id='word_1_124' title='bbox 890 2309 988 2373; x_wconf 87' lang='lat' dir='ltr'><strong>neque</strong></span> <span class='ocrx_word' id='word_1_125' title='bbox 1015 2291 1056 2356; x_wconf 89' lang='lat' dir='ltr'><strong>iis</strong></span> <span class='ocrx_word' id='word_1_126' title='bbox 1084 2288 1224 2358; x_wconf 86' lang='lat' dir='ltr'><strong>artificiis</strong></span> <span class='ocrx_word' id='word_1_127' title='bbox 1253 2287 1347 2354; x_wconf 89' lang='lat' dir='ltr'><strong>fidem</strong></span> 
     </span>
     <span class='ocr_line' id='line_1_20' title="bbox 278 2394 1347 2481; baseline 0.001 -22"><span class='ocrx_word' id='word_1_128' title='bbox 278 2394 390 2462; x_wconf 88' lang='lat' dir='ltr'><strong>habero</strong></span> <span class='ocrx_word' id='word_1_129' title='bbox 411 2414 547 2478; x_wconf 84' lang='lat' dir='ltr'><strong>possum,</strong></span> <span class='ocrx_word' id='word_1_130' title='bbox 571 2416 639 2481; x_wconf 84' lang='lat' dir='ltr'><strong>qnae</strong></span> <span class='ocrx_word' id='word_1_131' title='bbox 660 2396 847 2463; x_wconf 86' lang='lat' dir='ltr'><strong>adhibentur</strong></span> <span class='ocrx_word' id='word_1_132' title='bbox 868 2397 1108 2481; x_wconf 84' lang='lat' dir='ltr'><strong>interpretandis</strong></span> <span class='ocrx_word' id='word_1_133' title='bbox 1129 2395 1250 2464; x_wconf 84' lang='lat' dir='ltr'><strong>verbis:</strong></span> <span class='ocrx_word' id='word_1_134' title='bbox 1272 2394 1347 2460; x_wconf 84' lang='lat' dir='ltr'><strong>Gu-</strong></span> 
     </span>
     <span class='ocr_line' id='line_1_21' title="bbox 278 2501 1345 2589; baseline 0.003 -23"><span class='ocrx_word' id='word_1_135' title='bbox 278 2501 432 2568; x_wconf 89' lang='lat' dir='ltr'><strong>ricnem</strong></span> <span class='ocrx_word' id='word_1_136' title='bbox 454 2523 618 2587; x_wconf 90' lang='lat' dir='ltr'><strong>prorsus</strong></span> <span class='ocrx_word' id='word_1_137' title='bbox 641 2505 853 2570; x_wconf 89' lang='lat' dir='ltr'><strong>curionem.</strong></span> <span class='ocrx_word' id='word_1_138' title='bbox 897 2503 1030 2570; x_wconf 88' lang='lat' dir='ltr'><strong>Videtur</strong></span> <span class='ocrx_word' id='word_1_139' title='bbox 1043 2504 1156 2572; x_wconf 78' lang='lat' dir='ltr'><strong>Galius</strong></span> <span class='ocrx_word' id='word_1_140' title='bbox 1171 2505 1345 2589; x_wconf 85' lang='lat' dir='ltr'><strong>scripsisse:</strong></span> 
     </span>
     <span class='ocr_line' id='line_1_22' title="bbox 279 2608 1347 2699; baseline 0.003 -24"><span class='ocrx_word' id='word_1_141' title='bbox 279 2611 419 2675; x_wconf 89' lang='lat' dir='ltr'><strong>contra</strong></span> <span class='ocrx_word' id='word_1_142' title='bbox 454 2608 648 2677; x_wconf 82' lang='lat' dir='ltr'><strong>Oaesarem</strong></span> <span class='ocrx_word' id='word_1_143' title='bbox 683 2611 914 2676; x_wconf 87' lang='lat' dir='ltr'><strong>sententias</strong></span> <span class='ocrx_word' id='word_1_144' title='bbox 948 2611 1067 2693; x_wconf 90' lang='lat' dir='ltr'><strong>dicit,</strong></span> <span class='ocrx_word' id='word_1_145' title='bbox 1106 2611 1347 2699; x_wconf 82' lang='lat' dir='ltr'><strong>exspectatione</strong></span> 
     </span>
     <span class='ocr_line' id='line_1_23' title="bbox 279 2716 1346 2801; baseline 0.003 -21"><span class='ocrx_word' id='word_1_146' title='bbox 279 2716 456 2800; x_wconf 88' lang='lat' dir='ltr'><strong>corripit</strong></span> <span class='ocrx_word' id='word_1_147' title='bbox 477 2716 689 2783; x_wconf 80' lang='lat' dir='ltr'><strong>(lurionem</strong></span> <span class='ocrx_word' id='word_1_148' title='bbox 707 2716 778 2794; x_wconf 91' lang='lat' dir='ltr'><strong>(hoc</strong></span> <span class='ocrx_word' id='word_1_149' title='bbox 797 2719 853 2798; x_wconf 90' lang='lat' dir='ltr'><strong>est,</strong></span> <span class='ocrx_word' id='word_1_150' title='bbox 869 2717 1094 2801; x_wconf 82' lang='lat' dir='ltr'><strong>exspectatione</strong></span> <span class='ocrx_word' id='word_1_151' title='bbox 1108 2737 1215 2786; x_wconf 88' lang='lat' dir='ltr'><strong>earum</strong></span> <span class='ocrx_word' id='word_1_152' title='bbox 1235 2736 1346 2796; x_wconf 89' lang='lat' dir='ltr'><strong>rerum,</strong></span> 
     </span>
     <span class='ocr_line' id='line_1_24' title="bbox 280 2823 1347 2909; baseline 0.002 -22"><span class='ocrx_word' id='word_1_153' title='bbox 280 2841 356 2904; x_wconf 90' lang='lat' dir='ltr'><strong>quas</strong></span> <span class='ocrx_word' id='word_1_154' title='bbox 379 2823 471 2890; x_wconf 83' lang='lat' dir='ltr'><strong>Curio</strong></span> <span class='ocrx_word' id='word_1_155' title='bbox 493 2826 633 2891; x_wconf 86' lang='lat' dir='ltr'><strong>tribunus</strong></span> <span class='ocrx_word' id='word_1_156' title='bbox 663 2828 788 2890; x_wconf 89' lang='lat' dir='ltr'><strong>acturus</strong></span> <span class='ocrx_word' id='word_1_157' title='bbox 812 2825 871 2901; x_wconf 87' lang='lat' dir='ltr'><strong>sit;</strong></span> <span class='ocrx_word' id='word_1_158' title='bbox 903 2825 1038 2891; x_wconf 91' lang='lat' dir='ltr'><strong>nondum</strong></span> <span class='ocrx_word' id='word_1_159' title='bbox 1067 2827 1150 2893; x_wconf 90' lang='lat' dir='ltr'><strong>euim</strong></span> <span class='ocrx_word' id='word_1_160' title='bbox 1179 2824 1347 2909; x_wconf 89' lang='lat' dir='ltr'><strong>quidquam</strong></span> 
     </span>
     <span class='ocr_line' id='line_1_25' title="bbox 280 2929 1347 3016; baseline 0.001 -21"><span class='ocrx_word' id='word_1_161' title='bbox 280 2929 371 2995; x_wconf 82' lang='lat' dir='ltr'><strong>Curio</strong></span> <span class='ocrx_word' id='word_1_162' title='bbox 394 2935 530 3015; x_wconf 87' lang='lat' dir='ltr'><strong>egerat);</strong></span> <span class='ocrx_word' id='word_1_163' title='bbox 553 2949 719 3013; x_wconf 90' lang='lat' dir='ltr'><strong>prorsus</strong></span> <span class='ocrx_word' id='word_1_164' title='bbox 742 2930 812 3008; x_wconf 91' lang='lat' dir='ltr'><strong>(hoc</strong></span> <span class='ocrx_word' id='word_1_165' title='bbox 827 2951 896 2998; x_wconf 89' lang='lat' dir='ltr'><strong>cum</strong></span> <span class='ocrx_word' id='word_1_166' title='bbox 912 2932 1138 3000; x_wconf 84' lang='lat' dir='ltr'><strong>asseveratione</strong></span> <span class='ocrx_word' id='word_1_167' title='bbox 1154 2931 1347 3016; x_wconf 86' lang='lat' dir='ltr'><strong>adiungitur)</strong></span> 
     </span>
     <span class='ocr_line' id='line_1_26' title="bbox 280 3035 1348 3124; baseline 0.002 -23"><span class='ocrx_word' id='word_1_168' title='bbox 280 3035 491 3114; x_wconf 84' lang='lat' dir='ltr'><strong>Curionem</strong></span> <span class='ocrx_word' id='word_1_169' title='bbox 520 3055 593 3102; x_wconf 92' lang='lat' dir='ltr'><strong>non</strong></span> <span class='ocrx_word' id='word_1_170' title='bbox 622 3035 886 3104; x_wconf 90' lang='lat' dir='ltr'><strong>mediocriter</strong></span> <span class='ocrx_word' id='word_1_171' title='bbox 915 3039 1085 3124; x_wconf 78' lang='lat' dir='ltr'><strong>obiurgat3</strong></span> <span class='ocrx_word' id='word_1_172' title='bbox 1115 3039 1162 3108; x_wconf 87' lang='lat' dir='ltr'><strong>sic</strong></span> <span class='ocrx_word' id='word_1_173' title='bbox 1183 3039 1348 3122; x_wconf 89' lang='lat' dir='ltr'><strong>repulsa</strong></span> 
     </span>
     <span class='ocr_line' id='line_1_27' title="bbox 280 3143 565 3208; baseline 0.004 -1"><span class='ocrx_word' id='word_1_174' title='bbox 280 3160 320 3208; x_wconf 89' lang='grc' dir='ltr'><strong>εθ</strong></span> <span class='ocrx_word' id='word_1_175' title='bbox 341 3143 524 3208; x_wconf 84' lang='lat' dir='ltr'><strong>mutavit.</strong></span> <span class='ocrx_word' id='word_1_176' title='bbox 563 3193 565 3198; x_wconf 83' lang='lat'><em>.</em></span> 
     </span>
    </p>
   </div>
   <div class='ocr_carea' id='block_1_7' title="bbox 280 3259 1349 3661">
    <p class='ocr_par' dir='ltr' id='par_1_7' title="bbox 280 3259 1349 3661">
     <span class='ocr_line' id='line_1_28' title="bbox 379 3259 1347 3350; baseline 0.004 -24"><span class='ocrx_word' id='word_1_177' title='bbox 379 3259 458 3327; x_wconf 86' lang='lat' dir='ltr'><strong>Ibid.</strong></span> <span class='ocrx_word' id='word_1_178' title='bbox 484 3262 533 3342; x_wconf 88' lang='lat'><strong>10,</strong></span> <span class='ocrx_word' id='word_1_179' title='bbox 556 3261 591 3327; x_wconf 82' lang='lat'><strong>2:</strong></span> <span class='ocrx_word' id='word_1_180' title='bbox 615 3260 810 3329; x_wconf 83' lang='lat' dir='ltr'><strong>Consules</strong></span> <span class='ocrx_word' id='word_1_181' title='bbox 843 3269 993 3345; x_wconf 88' lang='lat' dir='ltr'><strong>autem,</strong></span> <span class='ocrx_word' id='word_1_182' title='bbox 1023 3264 1118 3350; x_wconf 89' lang='lat' dir='ltr'><strong>quia</strong></span> <span class='ocrx_word' id='word_1_183' title='bbox 1138 3266 1347 3344; x_wconf 84' lang='lat' dir='ltr'><strong>verentur,</strong></span> 
     </span>
     <span class='ocr_line' id='line_1_29' title="bbox 280 3367 1348 3455; baseline 0.003 -23"><span class='ocrx_word' id='word_1_184' title='bbox 280 3386 325 3433; x_wconf 92' lang='lat' dir='ltr'><strong>ne</strong></span> <span class='ocrx_word' id='word_1_185' title='bbox 356 3367 463 3434; x_wconf 92' lang='lat' dir='ltr'><strong>illud</strong></span> <span class='ocrx_word' id='word_1_186' title='bbox 495 3370 663 3435; x_wconf 88' lang='lat' dir='ltr'><strong>senatus</strong></span> <span class='ocrx_word' id='word_1_187' title='bbox 695 3370 924 3436; x_wconf 90' lang='lat' dir='ltr'><strong>consultum</strong></span> <span class='ocrx_word' id='word_1_188' title='bbox 956 3371 1050 3451; x_wconf 86' lang='lat' dir='ltr'><strong>fiat,</strong></span> <span class='ocrx_word' id='word_1_189' title='bbox 1083 3376 1126 3438; x_wconf 90' lang='lat' dir='ltr'><strong>ut</strong></span> <span class='ocrx_word' id='word_1_190' title='bbox 1158 3371 1348 3455; x_wconf 90' lang='lat' dir='ltr'><strong>paludati</strong></span> 
     </span>
     <span class='ocr_line' id='line_1_30' title="bbox 281 3477 1349 3560; baseline 0.002 -18"><span class='ocrx_word' id='word_1_191' title='bbox 281 3478 435 3557; x_wconf 87' lang='lat' dir='ltr'><strong>exeant,</strong></span> <span class='ocrx_word' id='word_1_192' title='bbox 451 3477 799 3543; x_wconf 88' lang='lat' dir='ltr'><strong>etcontumeliose</strong></span> <span class='ocrx_word' id='word_1_193' title='bbox 820 3478 967 3560; x_wconf 86' lang='lat' dir='ltr'><strong>praeter</strong></span> <span class='ocrx_word' id='word_1_194' title='bbox 987 3497 1052 3544; x_wconf 90' lang='lat' dir='ltr'><strong>eos</strong></span> <span class='ocrx_word' id='word_1_195' title='bbox 1074 3479 1121 3545; x_wconf 91' lang='lat' dir='ltr'><strong>ad</strong></span> <span class='ocrx_word' id='word_1_196' title='bbox 1140 3478 1264 3544; x_wconf 90' lang='lat' dir='ltr'><strong>alium</strong></span> <span class='ocrx_word' id='word_1_197' title='bbox 1286 3497 1349 3544; x_wconf 89' lang='lat' dir='ltr'><strong>ros</strong></span> 
     </span>
     <span class='ocr_line' id='line_1_31' title="bbox 280 3579 1347 3661; baseline 0 -13"><span class='ocrx_word' id='word_1_198' title='bbox 280 3579 573 3661; x_wconf 80' lang='lat' dir='ltr'><strong>transferatur,</strong></span> <span class='ocrx_word' id='word_1_199' title='bbox 591 3583 749 3650; x_wconf 91' lang='lat' dir='ltr'><strong>omnino</strong></span> <span class='ocrx_word' id='word_1_200' title='bbox 766 3587 950 3650; x_wconf 86' lang='lat' dir='ltr'><strong>senatum</strong></span> <span class='ocrx_word' id='word_1_201' title='bbox 967 3585 1109 3653; x_wconf 88' lang='lat' dir='ltr'><strong>haberi</strong></span> <span class='ocrx_word' id='word_1_202' title='bbox 1126 3586 1271 3652; x_wconf 90' lang='lat' dir='ltr'><strong>nolunt</strong></span> <span class='ocrx_word' id='word_1_203' title='bbox 1287 3585 1347 3652; x_wconf 89' lang='lat' dir='ltr'><strong>cet.</strong></span> 
     </span>
    </p>
   </div>
   <div class='ocr_carea' id='block_1_8' title="bbox 158 3687 1347 3776">
    <p class='ocr_par' dir='ltr' id='par_1_8' title="bbox 158 3687 1489 3792">
     <span class='ocr_line' id='line_1_32' title="bbox 158 3687 1347 3776; baseline 0.004 -23"><span class='ocrx_word' id='word_1_204' title='bbox 158 3725 160 3728; x_wconf 95' lang='lat'>-</span> <span class='ocrx_word' id='word_1_205' title='bbox 281 3687 393 3754; x_wconf 82' lang='lat' dir='ltr'><strong>Caelius</strong></span> <span class='ocrx_word' id='word_1_206' title='bbox 417 3690 590 3775; x_wconf 77' lang='lat' dir='ltr'><strong>significare</strong></span> <span class='ocrx_word' id='word_1_207' title='bbox 623 3689 752 3769; x_wconf 86' lang='lat' dir='ltr'><strong>videtur,</strong></span> <span class='ocrx_word' id='word_1_208' title='bbox 786 3692 925 3756; x_wconf 89' lang='lat' dir='ltr'><strong>consules</strong></span> <span class='ocrx_word' id='word_1_209' title='bbox 957 3691 1042 3775; x_wconf 84' lang='lat' dir='ltr'><strong>ipsos</strong></span> <span class='ocrx_word' id='word_1_210' title='bbox 1078 3691 1153 3758; x_wconf 88' lang='lat' dir='ltr'><strong>belli</strong></span> <span class='ocrx_word' id='word_1_211' title='bbox 1184 3693 1347 3776; x_wconf 88' lang='lat' dir='ltr'><strong>periculosi</strong></span> 
     </span>
    </p>
   </div>
   <div class='ocr_carea' id='block_1_9' title="bbox 280 3794 1349 3882">
    <p class='ocr_par' dir='ltr' id='par_1_9' title="bbox 280 3794 1349 3882">
     <span class='ocr_line' id='line_1_33' title="bbox 280 3794 1349 3882; baseline 0.005 -22"><span class='ocrx_word' id='word_1_212' title='bbox 280 3794 579 3862; x_wconf 88' lang='lat' dir='ltr'><strong>administrationem</strong></span> <span class='ocrx_word' id='word_1_213' title='bbox 615 3795 713 3862; x_wconf 87' lang='lat' dir='ltr'><strong>vitare</strong></span> <span class='ocrx_word' id='word_1_214' title='bbox 748 3817 868 3882; x_wconf 87' lang='lat' dir='ltr'><strong>cupere,</strong></span> <span class='ocrx_word' id='word_1_215' title='bbox 901 3800 933 3864; x_wconf 92' lang='lat' dir='ltr'><strong>et</strong></span> <span class='ocrx_word' id='word_1_216' title='bbox 964 3800 1068 3864; x_wconf 79' lang='lat' dir='ltr'><strong>tarum</strong></span> <span class='ocrx_word' id='word_1_217' title='bbox 1098 3799 1206 3880; x_wconf 84' lang='lat' dir='ltr'><strong>vereri,</strong></span> <span class='ocrx_word' id='word_1_218' title='bbox 1243 3818 1292 3881; x_wconf 90' lang='lat' dir='ltr'><strong>ne,</strong></span> <span class='ocrx_word' id='word_1_219' title='bbox 1321 3799 1349 3865; x_wconf 87' lang='lat' dir='ltr'><strong>ai</strong></span> 
     </span>
    </p>
   </div>
   <div class='ocr_carea' id='block_1_10' title="bbox 280 3895 1489 3986">
    <p class='ocr_par' dir='ltr' id='par_1_10' title="bbox 280 3895 1489 3986">
     <span class='ocr_line' id='line_1_34' title="bbox 280 3895 1489 3986; baseline 0.001 -20"><span class='ocrx_word' id='word_1_220' title='bbox 280 3902 355 3983; x_wconf 91' lang='lat' dir='ltr'><strong>ipsis</strong></span> <span class='ocrx_word' id='word_1_221' title='bbox 387 3902 554 3984; x_wconf 73' lang='lat' dir='ltr'><strong>preteritis</strong></span> <span class='ocrx_word' id='word_1_222' title='bbox 588 3902 664 3970; x_wconf 92' lang='lat' dir='ltr'><strong>belli</strong></span> <span class='ocrx_word' id='word_1_223' title='bbox 686 3903 913 3971; x_wconf 89' lang='lat' dir='ltr'><strong>administratio</strong></span> <span class='ocrx_word' id='word_1_224' title='bbox 937 3905 1007 3971; x_wconf 89' lang='lat' dir='ltr'><strong>aliis</strong></span> <span class='ocrx_word' id='word_1_225' title='bbox 1029 3895 1202 3986; x_wconf 88' lang='lat' dir='ltr'><strong>mandetur,</strong></span> <span class='ocrx_word' id='word_1_226' title='bbox 1234 3905 1268 3971; x_wconf 94' lang='lat' dir='ltr'><strong>id</strong></span> <span class='ocrx_word' id='word_1_227' title='bbox 1289 3905 1349 3974; x_wconf 90' lang='lat' dir='ltr'><strong>sibi</strong></span> <span class='ocrx_word' id='word_1_228' title='bbox 1488 3939 1489 3946; x_wconf 25' lang='grc' dir='ltr'>ε</span> 
     </span>
    </p>
   </div>
   <div class='ocr_carea' id='block_1_11' title="bbox 281 4009 1349 4202">
    <p class='ocr_par' dir='ltr' id='par_1_11' title="bbox 281 4009 1349 4202">
     <span class='ocr_line' id='line_1_35' title="bbox 281 4009 1349 4095; baseline 0.003 -23"><span class='ocrx_word' id='word_1_229' title='bbox 281 4009 423 4075; x_wconf 87' lang='lat' dir='ltr'><strong>dedecori</strong></span> <span class='ocrx_word' id='word_1_230' title='bbox 454 4009 505 4088; x_wconf 86' lang='lat' dir='ltr'><strong>sit,</strong></span> <span class='ocrx_word' id='word_1_231' title='bbox 538 4009 668 4092; x_wconf 87' lang='lat' dir='ltr'><strong>ideoque</strong></span> <span class='ocrx_word' id='word_1_232' title='bbox 699 4009 732 4075; x_wconf 94' lang='lat' dir='ltr'><strong>id</strong></span> <span class='ocrx_word' id='word_1_233' title='bbox 764 4029 863 4095; x_wconf 85' lang='lat' dir='ltr'><strong>agere,</strong></span> <span class='ocrx_word' id='word_1_234' title='bbox 901 4029 938 4076; x_wconf 92' lang='lat' dir='ltr'><strong>ne</strong></span> <span class='ocrx_word' id='word_1_235' title='bbox 974 4011 1048 4095; x_wconf 88' lang='lat' dir='ltr'><strong>quid</strong></span> <span class='ocrx_word' id='word_1_236' title='bbox 1084 4009 1207 4077; x_wconf 90' lang='lat' dir='ltr'><strong>omnino</strong></span> <span class='ocrx_word' id='word_1_237' title='bbox 1241 4009 1280 4075; x_wconf 94' lang='lat' dir='ltr'><strong>de</strong></span> <span class='ocrx_word' id='word_1_238' title='bbox 1313 4029 1349 4075; x_wconf 92' lang='lat' dir='ltr'><strong>ea</strong></span> 
     </span>
     <span class='ocr_line' id='line_1_36' title="bbox 282 4113 1348 4202; baseline 0.003 -24"><span class='ocrx_word' id='word_1_239' title='bbox 282 4134 313 4179; x_wconf 90' lang='lat' dir='ltr'><strong>re</strong></span> <span class='ocrx_word' id='word_1_240' title='bbox 350 4113 541 4181; x_wconf 88' lang='lat' dir='ltr'><strong>decernatur.</strong></span> <span class='ocrx_word' id='word_1_241' title='bbox 600 4114 801 4182; x_wconf 72' lang='lat' dir='ltr'><strong>scribendam</strong></span> <span class='ocrx_word' id='word_1_242' title='bbox 841 4116 938 4202; x_wconf 84' lang='lat' dir='ltr'><strong>igitur</strong></span> <span class='ocrx_word' id='word_1_243' title='bbox 972 4117 1112 4187; x_wconf 81' lang='lat' dir='ltr'><strong>ridetur:</strong></span> <span class='ocrx_word' id='word_1_244' title='bbox 1150 4115 1348 4184; x_wconf 87' lang='lat' dir='ltr'><strong>Consules</strong></span> 
     </span>
    </p>
   </div>
   <div class='ocr_carea' id='block_1_12' title="bbox 0 0 1514 4652">
    <p class='ocr_par' dir='ltr' id='par_1_12' title="bbox 0 0 1514 4652">
     <span class='ocr_line' id='line_1_37' title="bbox 0 0 1514 4652; baseline 0 0"><span class='ocrx_word' id='word_1_245' title='bbox 0 0 1514 4652; x_wconf 95' lang='lat' dir='ltr'><strong> </strong></span> 
     </span>
    </p>
   </div>
  </div>
 </body>
</html>
