3008 4654
300 293 361 358 224
668 295 727 350 tin.
745 297 783 350 ll.
803 296 867 366 Cap.
887 297 919 351 V.

254 511 349 558 sensu
381 493 513 559 aliorum
546 493 683 570 laetabar,
719 493 860 558 ueritatis
897 495 1068 562 convicium
1103 515 1161 562 non
1195 492 1327 560 valuisse

258 599 385 666 moleste
408 600 553 672 ferebam,
575 603 745 684 praeterqoe
768 619 830 677 eas,
853 621 927 686 quas
949 603 1024 669 olim
1048 601 1078 667 iu
1094 603 1192 668 altero
1209 603 1327 668 Aduer-

255 703 408 770 sariorum
436 708 591 772 volumine
619 707 711 784 edidi,
744 711 959 774 succurrerunt
986 725 1071 775 nova
1099 708 1226 794 aliquot,
1248 727 1326 774 non·

258 812 349 877 nnllae
372 812 496 896 quidem
521 812 560 879 ad
583 815 744 880 sententiae
766 818 798 878 et
814 816 961 884 orationis
977 817 1107 882 formam
1123 809 1325 881 adiuuandam

255 919 332 984 satis
354 920 515 1000 notabiles,
538 921 650 1002 partim
673 920 857 1005 probabiles,
879 922 993 1005 partim
1016 941 1084 988 meo
1107 921 1220 988 iudicio
1235 920 1327 1006 plane

256 1027 359 1090 oertae.
403 1027 464 1093 Eas
485 1027 537 1093 bic
559 1029 729 1094 subiiciam.

355 1201 530 1270 Annalium
561 1203 615 1270 lib.
649 1205 690 1283 ll,
724 1206 765 1269 39
794 1207 846 1283 (de
877 1224 964 1272 servo
992 1203 1151 1270 Clemente
1181 1206 1327 1290 Agrippae

254 1306 394 1372 Postumi
427 1309 582 1376 interfecti
615 1331 774 1396 personam
808 1315 969 1392 mentitn):
1011 1331 1095 1377 nam
1133 1314 1251 1377 aetate
1288 1313 1327 1377 et

255 1413 380 1480 forma
401 1414 502 1481 haud
526 1417 728 1484 dissimili
755 1421 792 1484 in
817 1420 1016 1485 dominum
1040 1419 1135 1484 erat.
1183 1417 1327 1485 Tacitum

255 1539 309 1602 pro
343 1540 389 1598 eo,
425 1525 505 1606 quod
543 1544 658 1604 omnes,
693 1527 746 1610 qui
780 1526 890 1594 Latine
924 1526 1136 1610 loquebantur,
1173 1525 1327 1604 dicebant,

256 1627 455 1694 dissimili
485 1631 651 1708 domini,
681 1633 794 1698 dixisse
822 1632 1023 1698 dissimili
1055 1633 1094 1696 in
1123 1632 1325 1697 dominum

254 1751 353 1816 neque
375 1737 429 1800 ant
449 1737 547 1820 ipsius
575 1741 630 1804 aut
658 1741 736 1806 alius
766 1741 947 1823 cuiusquam
977 1739 1112 1823 exemplo
1140 1738 1323 1818 defenditur,

255 1859 353 1924 neque
374 1843 437 1908 ulla
460 1845 626 1931 excogitari
656 1850 761 1930 potest
788 1848 867 1912 ratio
891 1866 910 1912 a
931 1849 1076 1913 consueto
1100 1844 1245 1930 loquendi
1267 1865 1326 1912 usu

256 1947 288 2012 in
310 1947 397 2014 illam
420 1952 547 2015 formam
565 1952 756 2020 deflectendi.
790 1955 900 2037 Itaque
916 1971 1040 2034 prorsus
1056 1951 1132 2017 mibi
1148 1952 1325 2034 persuadeo,

254 2055 394 2122 Tacitum
418 2060 518 2123 aetatis
540 2058 707 2144 formaeque
729 2059 811 2126 haud
834 2059 1012 2126 abdomine
1030 2058 1323 2125 abhorrentismen·

250 2161 333 2227 binni
356 2181 409 2246 per
431 2165 469 2228 in
492 2166 737 2247 praepositionem
762 2167 933 2232 adiunxisse
958 2167 1011 2244 rai,
1034 2166 1065 2231 in
1089 2185 1149 2250 qua
1164 2184 1200 2231 ea
1215 2165 1326 2230 simili-

355 2375 389 2430 ab
408 2375 559 2430 editoribus
578 2376 718 2446 accipitur,
746 2377 798 2431 nisi
827 2377 898 2433 forte
927 2377 1135 2432 tribunatum
1154 2393 1254 2445 agere
1272 2394 1325 2446 pro

357 2485 397 2535 eo,
417 2468 489 2538 quod
509 2476 551 2524 est
570 2470 739 2525 tribunorum
759 2470 892 2526 delectum
905 2472 1018 2539 habere,
1032 2471 1082 2525 dici
1095 2485 1177 2540 posse
1188 2476 1326 2539 putamus.

354 2563 477 2630 Accedit,
506 2562 578 2630 qnod
611 2564 669 2619 eius
702 2565 750 2630 rei,
784 2581 864 2632 qnam
894 2565 1070 2620 Germanicus
1102 2581 1214 2634 prorsus
1247 2569 1327 2619 extra

355 2655 475 2711 ordinem
495 2657 622 2726 suscepit,
642 2659 866 2714 consuetudinem
886 2659 1011 2727 alienam,
1035 2676 1049 2712 e
1075 2675 1130 2726 qna
1147 2659 1259 2728 propria
1278 2675 1326 2727 ap-

353 2749 468 2820 pellatio
487 2751 562 2805 nasci
580 2752 707 2820 potuerit,
726 2750 811 2806 fuisse
830 2753 906 2807 nullo
926 2753 1035 2807 minimo
1055 2752 1168 2820 vestigio
1188 2750 1325 2822 significa-
1382 2759 1385 2767 '

353 2849 405 2896 tur.
454 2843 551 2911 Itaque
579 2844 661 2898 aliter
687 2845 799 2898 Tacitus
833 2846 955 2915 scripsit;
989 2861 1078 2913 neque
1110 2852 1202 2903 tamen
1233 2844 1325 2914 ipsum

354 2937 611 2991 centurionatus
639 2954 738 2992 nomen
766 2939 887 3008 legitimo
913 2937 1002 2994 forma
1028 2938 1120 2993 ficturm
1139 2938 1236 3007 expelli
1255 2944 1325 2992 tam·

353 3045 435 3095 qnam
455 3046 550 3108 errore
567 3037 660 3085 natum
678 3037 781 3100 potest,
805 3047 893 3101 neque
917 3031 1042 3087 addendo
1067 3031 1145 3099 effici,
1171 3031 1242 3100 qnod
1261 3047 1325 3086 sen-

354 3123 448 3176 tentiae
468 3124 620 3178 conueniat.
659 3123 737 3190 Quod
757 3126 911 3193 quaerimus,
930 3125 1050 3180 efficitur
1069 3126 1164 3180 unuin
1177 3125 1230 3178 hoc
1242 3140 1323 3178 voca·

353 3215 417 3270 bulo
445 3215 536 3270 littera
563 3223 670 3272 mutata
696 3224 724 3272 et
751 3219 852 3273 additis
875 3218 989 3287 duabus,
1012 3234 1073 3288 quae
1096 3218 1170 3272 inter
1191 3216 1267 3271 inde
1296 3224 1325 3272 et

354 3309 422 3378 egit
440 3308 567 3364 facillime
590 3310 760 3379 exciderunt,
779 3318 810 3366 ut
832 3313 979 3368 scribatur:
1004 3309 1218 3367 centurionatus
1244 3311 1323 3366 inde

353 3402 455 3474 exegit.
501 3405 543 3457 lta
572 3403 745 3458 scribendum
775 3421 834 3461 esse
863 3421 924 3460 cum
952 3411 1135 3470 annotassem‚
1167 3403 1221 3458 vidi
1248 3403 1323 3460 idem

354 3493 490 3550 Gronovio
510 3497 538 3550 in
556 3503 674 3552 mentem
692 3498 808 3564 venisse,
827 3499 875 3554 sed
888 3499 1038 3554 editoribus
1050 3513 1100 3567 pro
1113 3496 1215 3551 indicto
1228 3495 1322 3552 fuisse.

356 3589 484 3644 Eiusdem
502 3591 609 3658 generis
629 3591 753 3660 exempla
771 3590 857 3646 multa
876 3608 1035 3648 enumerare
1054 3596 1187 3662 poteram,
1208 3588 1256 3643 sed
1269 3589 1323 3644 boc

354 3681 414 3736 loco
440 3682 546 3738 duobus
572 3690 716 3739 contentus
740 3701 796 3752 ero,
819 3685 919 3738 Annal.
938 3686 987 3751 Vl,-
1006 3684 1022 3738 7
1042 3691 1069 3738 et
1087 3682 1158 3738 Hist.
1178 3682 1213 3750 ΙΙ,
1232 3681 1274 3748 88,
1294 3683 1323 3736 in

353 3791 467 3842 quorum
494 3776 583 3845 priore
611 3793 671 3830 cum
696 3778 723 3831 Ο.
744 3778 889 3834 Cestium
910 3780 1061 3848 prumtoucm
1088 3779 1148 3847 (pro
1171 3780 1321 3844 patrem),

352 3867 380 3920 in
407 3868 493 3923 altero
527 3871 557 3922 ut
585 3869 722 3925 rebantur
755 3878 815 3941 (pro
842 3873 1034 3938 utebantur)
1062 3869 1233 3924 scribendum
1261 3884 1322 3924 esse

353 3960 497 4022 dictassem
517 3963 636 4032 mihique
655 3963 689 4017 de
713 3964 865 4020 manifestis
892 3972 918 4018 et
942 3964 1065 4020 facilibus
1089 3962 1323 4018 emendationibus

351 4069 431 4122 paene
459 4056 619 4124 gratularer,
647 4057 849 4112 insusurratum
877 4065 919 4113 est
942 4058 1087 4126 utrobique
1106 4056 1140 4112 ab
1160 4057 1322 4111 amanuensi

352 4145 438 4214 Lipsii
457 4162 556 4202 nomeu
575 4164 609 4202 ex
628 4149 727 4203 Halmii
747 4152 932 4206 annotatione.
