2974 4660
630 292 794 350 Herodotus.
1165 291 1204 354 29

280 490 358 560 ibid.
380 492 438 558 28:
468 486 661 579 κεχώρισται
685 489 719 556 δὲ
741 477 840 564 οὗτος
861 484 881 554 o‘
903 483 1029 576 χειμῶν
1057 483 1139 561 σούς
1165 479 1246 572 τρό-

170 622 267 672 ποος
288 600 371 666 πῶσι
395 611 479 667 σοῖσι
503 604 540 664 έν
556 595 687 665 ἄλλοισι
702 597 848 683 χωρίοισι
863 601 1073 684 γινομένοισι
1097 594 1246 682 χιιμῶσι.

177 706 311 772 Debitus
345 707 431 773 πῶσι
463 718 551 772 τοῖσι
697 708 905 790 γινομένοισι
938 702 1078 789 χειμῶσι
1111 700 1247 783 expediri

164 812 265 894 ‚nullo
287 815 376 894 pacto
397 816 514 896 potest;
545 813 638 878 verbo
661 812 863 898 χωρίζεσθαι
892 811 1063 876 necessario
1085 807 1247 892 genetivus

171 918 389 1002 adiungendus
411 923 488 985 eret.
542 919 618 984 Post
647 913 728 992 τους
758 912 907 1003 τρόπους
928 913 1041 982 excidit
1060 910 1247 979 adiectivum

150 1073 154 1080 .
180 1023 466 1090 dissimilitudinem
487 1024 664 1109 significans
697 1027 730 1089 et
761 1024 902 1092 dativum
923 1040 1051 1108 regens;
1084 1019 1117 1084 id
1140 1017 1247 1084 autem

171 1128 364 1208 adiectivum
388 1132 453 1197 eius
475 1130 580 1196 formae
601 1130 671 1208 linit,
694 1133 730 1196 nt
751 1132 842 1197 facile
864 1132 934 1214 post
956 1120 1104 1212 ορόπους
1123 1126 1249 1208 propter

179 1235 354 1302 litterarum
376 1237 610 1303 similitudinem
631 1240 834 1304 omitteretur.
895 1235 1051 1317 Scriptum
1072 1234 1172 1300 luerat
1194 1235 1250 1298 cut

180 1334 431 1426 redeundumne
463 1337 732 1428 ῶνυίοροπος
762 1337 1055 1428 (οἷλλότροπος)
1086 1357 1164 1406 nova
1193 1338 1249 1403 ad-

178 1448 283 1514 iectivi
325 1451 545 1534 compositione
582 1455 637 1517 aut
671 1447 753 1526 υοῶς
794 1443 943 1534 τρόπους
986 1440 1036 1514 ου’
1043 1469 1062 1535 χ
1103 1437 1248 1532 iponi-
1368 1455 1372 1466 '

172 1582 199 1620 ’τ
235 1581 349 1629 (illoc.

207 1579 225 1639 ρ
281 1673 438 1739 lbid.120
462 1674 512 1752 (de
534 1676 659 1741 consilio
682 1677 866 1759 Scytharum
888 1692 949 1759 eos,
976 1674 1030 1756 qui
1052 1671 1128 1737 belli
1150 1668 1248 1734 socie·

177 1781 278 1846 tutem
303 1781 482 1882 abnuerant,
516 1779 555 1846 ad
577 1781 692 1846 bellum
713 1781 867 1865 cogendi):
902 1784 933 1846 ei
954 1775 1020 1866 ydp
1041 1774 1092 1863 μή
1115 1769 1250 1848 ἑκόντες

176 1912 219 1973 ye
241 1881 415 1955 ὑπέδυσαν
435 1881 497 1954 τῶν
518 1885 673 1973 πόλεμον
695 1882 756 1956 νῶν
773 1881 862 1973 πρός
876 1889 1024 1972 Πέρσας,
1040 1878 1113 1953 dll'
1128 1875 1250 1950 ῶέιιον-

180 2017 243 2067 σας
265 1995 511 2080 ἐκπολεμῶσαι.
554 1995 662 2078 Neque
684 1996 822 2060 activum
837 1995 923 2061 verbi
938 2013 1035 2080 genus
1051 1992 1249 2073 sculpebant,

174 2101 326 2184 quoniam
339 2103 519 2174 necessario,
532 2099 791 2185 quemadmodum
804 2096 989 2177 ῶπέέυοαν,
1000 2100 1039 2166 ad
1051 2097 1249 2182 conseptum.

179 2194 234 2289 oui
267 2216 358 2274 antea
390 2209 567 2274 societatem
602 2209 677 2274 bolli
710 2209 948 2283 declinaverant,
981 2208 1121 2283 refertur,
1146 2221 1249 2285 neque

180 2316 311 2380 acrisius
353 2313 513 2393 infinitivi,
550 2315 806 2398 scribendumque
849 2316 1020 2381 necessario
1072 2312 1249 2378 ἐκπολι-

173 2415 414 2506 μῶσεσθαι.

283 2561 317 2635 V.
340 2563 397 2628 31:
432 2557 472 2630 σῶ
502 2568 537 2636 ές
565 2562 660 2629 οἶκον
686 2559 748 2628 νῶν
774 2564 933 2648 βασιλέος
956 2554 1117 2648 ἐξηγητής
1138 2560 1249 2645 pineae

172 2661 393 2755 -πρηχμῶσων
404 2662 562 2757 ῶχοιθῶν,
575 2670 629 2736 ani
642 2670 750 2736 ταῦτα
763 2661 1006 2753 οῶπαροιινὲεις
1017 2660 1134 2734 πῶννοι
1145 2691 1174 2732 ιι.
1183 2691 1211 2732 τ.
1221 2667 1248 2730 λ.

179 2772 251 2838 Νοο
268 2776 371 2860 agitur
385 2777 424 2841 de
439 2776 668 2858 interpretando
683 2776 896 2856 enarrandum,
921 2774 976 2842 sed
990 2773 1029 2840 de
1044 2771 1250 2856 proponendis

174 2879 314 2946 consiliis
337 2882 369 2946 et
390 2884 422 2947 in
444 2883 546 2949 aulam
563 2888 614 2958 (ἐι
635 2885 731 2951 οἶκον
746 2877 807 2951 υέν
820 2885 990 2968 βασιλέος)
1005 2877 1232 2946 introducendis
1242 2898 1251 2961 ς

94 3001 99 3020 ·
181 2986 289 3069 itaquo
322 2990 517 3056 scribendum
556 2993 619 3058 ese:
653 2985 862 3077 ἐσηχηοὴς
893 2991 1004 3078 γίνεαι
1038 2979 1251 3076 πρηχμῶσυιν

177 3083 327 3180 οἷχαθῶν
350 3095 419 3172 (heo
441 3099 497 3176 est,
520 3098 640 3190 εἰσηγῇ
662 3091 848 3186 πρήγματα
871 3091 1018 3186 οἷχοιθῶ).
1268 3117 1269 3120 ’

190 3281 191 3288 ,
282 3225 362 3293 ibid.
387 3227 446 3290 117
465 3227 516 3306 (de
535 3229 655 3312 oppidis
669 3228 707 3293 nd
723 3229 959 3311 Hellespontum
977 3227 1141 3306 aDaurise
1156 3226 1251 3290 Persa

175 3331 308 3410 captis):
331 3327 459 3408 ταῶνας
480 3337 546 3419 μέν
568 3327 621 3401 ἐπ’
641 3329 751 3426 ἡμέρῃ
773 3326 897 3426 ἑπῶσπῃ
916 3344 1018 3419 αἵρεε.
1048 3332 1249 3400 scribendum

180 3435 248 3500 sine
270 3438 478 3506 dubitatione:
501 3435 555 3508 ἐπ’
576 3436 686 3530 ἡμέρῃ
707 3439 889 3527 caduceo
910 3451 1013 3528 αἵρεε.
1063 3441 1099 3505 In
1123 3437 1252 3522 singulis

181 3542 304 3625 oppidis
338 3547 551 3631 oppugnandis
583 3549 720 3633 singulos
755 3549 819 3614 dies
850 3551 1048 3632 consumptos
1076 3545 1252 3612 Herodotus

180 3645 276 3725 dicit;
309 3651 494 3718 adiectivum
527 3655 567 3719 ad
598 3656 774 3739 praecedons
803 3674 913 3721 nomen
946 3653 1253 3722 accommodatnma

183 3751 309 3819 librario
332 3758 390 3826 est.
439 3759 506 3840 [Sic
526 3763 587 3826 iam
611 3761 804 3828 Nitnsobium
827 3779 937 3827 comm.
960 3761 991 3824 in
1015 3756 1073 3827 0d.
1096 3759 1115 3824 I
1136 3779 1166 3842 p.
1190 3758 1250 3823 108

182 3860 274 3924 scribi
296 3862 429 3930 voluisse
452 3866 637 3954 admoneor]

187 4096 201 4116 Η
284 4001 335 4080 VI,
362 4003 421 4068 128
444 4006 495 4081 (de
517 4004 686 4071 Olietbenis
709 4023 781 4088 erga
802 4023 908 4088 procos
930 4004 1004 4070 filiae
1026 4004 1252 4088 benignitate:

177 4126 264 4171 σοον
284 4103 350 4194 peip
373 4125 502 4198 ιιατοῑχο
524 4105 646 4198 χρόνον
674 4104 812 4188 αὐτούς,
842 4113 966 4180 τοῦτον
994 4103 1109 4178 adona
1138 4109 1251 4177 έποιέε
