2974 4660
331 297 371 361 20
709 295 768 349 Lib.
786 295 808 350 I.
829 295 894 364 Cap.
913 294 937 349 1.

288 493 463 576 corrigendi
485 493 718 576 accuratiusque
740 491 927 569 declarandi,
951 511 1018 575 quae
1040 495 1088 555 est
1105 490 1137 554 in
1154 489 1245 554 verbo
1262 487 1355 575 λέγω,

288 599 367 664 nihil
389 598 515 665 omnino
539 600 660 677 babere,
683 615 743 680 quo
765 597 923 671 referatur,
951 615 1007 661 nec
1034 595 1106 660 ferri
1137 611 1236 676 posse.
1281 591 1357 657 Per·

287 707 427 787 spicuum
449 707 554 770 autem
578 707 626 770 est
649 723 707 769 non
737 703 819 768 idern
841 703 949 786 repeti,
978 701 1057 785 qnod
1082 701 1146 767 iam
1168 701 1282 766 Creusa
1304 717 1354 764 re·

288 811 410 889 interit,
445 811 482 876 de
515 811 588 884 Ione
621 808 759 895 Apollini
792 809 977 880 consecrato,
1010 805 1064 872 sed
1086 804 1204 889 aliquid
1225 805 1296 882 novi
1316 806 1356 869 ab

289 917 362 982 ione
384 915 505 995 subiici,
539 917 622 1001 qnod
654 935 687 981 se
720 913 902 979 inviolatum
931 932 998 979 assa
1022 912 1162 978 debuisse
1184 911 1244 976 alio
1263 909 1356 976 modo

289 1024 487 1098 demonstret,
521 1021 604 1106 quod
637 1021 748 1088 deinde
780 1021 916 1103 proximo
949 1037 1040 1085 versu
1061 1037 1081 1084 a
1101 1018 1226 1096 Creusa,
1248 1035 1357 1102 qnem-

288 1128 454 1193 admodum
477 1128 616 1212 superius
639 1128 724 1201 illud,
746 1127 895 1191 refutetur
910 1127 941 1190 st
956 1124 1166 1208 redarguatur.
1201 1123 1236 1188 id
1252 1123 1357 1188 buius·

289 1233 372 1300 modi
393 1233 489 1299 inisse
510 1252 602 1316 prope
625 1236 742 1299 certum
765 1233 827 1298 est:

387 1364 458 1430 m.
481 1356 556 1427 αλλ’
578 1355 808 1448 ἐγενόμεσθα,
831 1355 961 1445 πατρός
983 1366 1026 1425 ἐν
1049 1352 1159 1444 ericio,
1183 1353 1272 1424 νεώ.

389 1470 465 1534 ΚΡ.
489 1464 614 1534 oduario
636 1464 703 1534 τότ’
727 1461 833 1554 ἦσθα.
859 1470 922 1534 νῦν
938 1459 967 1532 δ’
990 1459 1062 1552 ἐγώ,
1086 1460 1129 1532 ον’
1155 1457 1293 1531 δὀὐκέτ’
1316 1464 1356 1530 εἶ.

290 1597 344 1661 lon
367 1616 409 1674 se,
441 1598 565 1664 etiamsi
597 1598 628 1663 in
662 1598 759 1680 patris
781 1589 1051 1681 potestate'atque
1073 1614 1104 1660 re
1128 1595 1358 1665 rosconmon

289 1703 328 1768 ad
341 1702 494 1786 templum
506 1706 687 1788 pertinuisse
699 1705 849 1780 affirmat3
865 1702 1030 1784 respondet
1041 1700 1163 1778 Creusa,
1179 1699 1211 1765 id
1228 1701 1293 1766 tam
1306 1700 1360 1764 diu

246 1877 251 1887 ,
290 1810 432 1889 valuisse,
456 1813 548 1893 quam
582 1831 690 1894 reapse
722 1810 831 1891 templi
863 1809 1006 1874 minister
1039 1805 1148 1883 fuerit;
1185 1825 1265 1871 nunc
1299 1822 1360 1870 non

291 1915 381 1979 illum
404 1918 514 1999 templi
537 1936 613 1995 esse,
637 1917 691 1983 sed
712 1935 745 1982 se
767 1917 926 1999 (qnoniam
950 1933 1041 1996 snpra
1063 1931 1095 1978 se
1117 1913 1185 1994 ipsa
1206 1912 1262 1976 deo
1285 1929 1359 1976 eon-

290 2023 433 2096 secravit‚
455 2024 492 2088 ci.
517 2044 546 2090 v.
571 2024 651 2085 1275
675 2025 708 2087 et
731 2023 811 2086 1283
834 2027 925 2104 sqq.).

446 2164 523 2226 1426
546 2181 628 2245 sqq.:

391 2271 466 2337 ΠΖ.
489 2276 581 2335 ἔστιν
595 2293 627 2334 τι
643 2262 730 2352 seprio
745 2260 831 2354 τῷδ’,
848 2262 869 2353 ἢ
883 2261 980 2354 μόνῳ
996 2261 1072 2354 τῷδ’
1089 2259 1256 2352 ιύτνχεῑς,·

392 2375 471 2440 ΚΡ.
496 2369 660 2460 δράκοντι
687 2375 923 2460 μαρμαίροντα
948 2365 1129 2462 παγχρύσῳ
1153 2378 1257 2461 γένυι.

391 2482 462 2548 m.
486 2475 614 2567 δώρημ’
648 2473 827 2556 Ἀθάνας,
863 2476 887 2566 ἢ
922 2481 1023 2560 (codd.
1061 2474 1096 2564 ἢ)
1134 2473 1220 2548 τέκν’
1251 2477 1361 2561 torpi-

1110 2610 1187 2669 φειν
1209 2588 1317 2671 λὲγεις

291 2690 410 2756 Omitto
443 2693 594 2768 refellere,
628 2712 696 2777 quae
729 2693 898 2777 excogitata
921 2693 993 2758 sunt
1022 2694 1076 2757 ant
1104 2694 1143 2758 ad
1172 2691 1362 2756 structuram

291 2798 436 2863 orationis
461 2799 682 2881 expediendam
713 2800 768 2865 aut
797 2798 922 2864 adrem
944 2798 1157 2864 declarandam
1182 2797 1219 2862 de
1241 2792 1362 2861 sancita
1470 2781 1471 2802 ¹

290 2901 470 2970 aMinerva
492 2906 561 2988 lege
593 2906 723 2971 inientes
754 2904 929 2969 huiusmodi
951 2907 1129 2987 serpentum
1152 2899 1361 2985 imagunculis

292 3011 466 3087 exornandi,
494 3031 563 3092 quae
584 3012 652 3092 ipsa
674 3011 750 3076 satis
773 3011 847 3075 dure
870 3011 1049 3093 exprimitur
1063 3009 1164 3074 verbis
1188 3010 1362 3093 ἐντρέφειν
1470 2991 1471 3074 J

291 3114 404 3188 τέκνα,
420 3116 534 3180 omisso
548 3117 721 3197 praesertim
735 3117 839 3181 dativo
854 3118 1042 3203 (ἐντρέφειν
1057 3121 1157 3181 τέκνα
1174 3110 1360 3199 δράκοντα).

292 3218 375 3284 Illud
407 3239 504 3285 unum
538 3221 625 3294 addo,
658 3223 724 3287 Ioni
754 3222 990 3287 Atheniensium
1018 3223 1232 3288 institutorum
1254 3221 1362 3305 ignaro

290 3325 467 3391 huiusmodi
500 3327 577 3411 legia
609 3330 640 3392 in
672 3333 809 3393 mentem
841 3330 945 3394 venire
978 3349 1037 3394 non
1070 3329 1226 3412 potuisse;
1256 3328 1363 3394 contra

289 3431 404 3497 iniecta
425 3435 581 3499 mentione
596 3435 698 3516 operis
711 3434 878 3500 artificiosa
895 3436 1042 3501 elaborati
1059 3435 1148 3502 facila
1164 3435 1363 3500 oboriebatur

292 3537 439 3620 cogitatio
463 3539 528 3602 dsae
549 3539 663 3604 artium
684 3539 861 3632 inventricis
884 3527 916 3606 et
944 3542 1093 3625 praesidis.
1152 3541 1262 3624 ltaque
1284 3540 1362 3606 scri-

291 3641 426 3708 bendum
448 3645 600 3727 suspicor:

376 3742 504 3835 δώρημ’
525 3745 698 3828 Ἀθάνας,
720 3747 745 3836 ἦ
766 3756 919 3839 τέχνην
938 3755 1101 3839 τρέφει,
1125 3754 1285 3840 λέγειςς

444 3891 541 3958 1481:

392 3998 509 4084 λέγεις,
533 4001 639 4088 λέγεις
659 4024 720 4084 μοι
744 3991 838 4066 ridicu
861 3992 923 4065 cori
946 3999 1038 4084 σαφῆ
1061 3993 1154 4067 τάδε.

290 4102 376 4166 Nihil
413 4104 478 4170 doli
517 4107 661 4171 odoratur
694 4107 748 4170 ion
785 4104 875 4188 plane
902 4107 963 4170 iam
991 4106 1084 4170 matri
1111 4105 1290 4212 conciliatus
1327 4109 1364 4173 ct
