<?xml version="1.0" encoding="UTF-8"?>
<!DOCTYPE html PUBLIC "-//W3C//DTD XHTML 1.0 Transitional//EN"
    "http://www.w3.org/TR/xhtml1/DTD/xhtml1-transitional.dtd">
<html xmlns="http://www.w3.org/1999/xhtml" xml:lang="en" lang="en">
 <head>
  <title>
</title>
<meta http-equiv="Content-Type" content="text/html;charset=utf-8" />
  <meta name='ocr-system' content='tesseract 3.04.00' />
  <meta name='ocr-capabilities' content='ocr_page ocr_carea ocr_par ocr_line ocrx_word'/>
</head>
<body>
  <div class='ocr_page' id='page_1' title='image "./adversariacriti04madvgoog_0181.png"; bbox 0 0 3012 4652; ppageno 0'>
   <div class='ocr_carea' id='block_1_1' title="bbox 321 279 949 351">
    <p class='ocr_par' dir='ltr' id='par_1_1' title="bbox 321 279 949 351">
     <span class='ocr_line' id='line_1_1' title="bbox 321 279 949 351; baseline -0.011 -10"><span class='ocrx_word' id='word_1_1' title='bbox 321 280 382 342; x_wconf 75' lang='lat' dir='ltr'><strong>m</strong></span> <span class='ocrx_word' id='word_1_2' title='bbox 681 279 949 351; x_wconf 54' lang='lat' dir='ltr'><strong>mmmm</strong></span> 
     </span>
    </p>
   </div>
   <div class='ocr_carea' id='block_1_2' title="bbox 274 476 1347 864">
    <p class='ocr_par' dir='ltr' id='par_1_2' title="bbox 274 476 1347 864">
     <span class='ocr_line' id='line_1_2' title="bbox 278 476 1347 562; baseline 0.001 -18"><span class='ocrx_word' id='word_1_3' title='bbox 278 498 372 544; x_wconf 87' lang='lat' dir='ltr'><strong>manu</strong></span> <span class='ocrx_word' id='word_1_4' title='bbox 399 477 431 543; x_wconf 92' lang='lat' dir='ltr'><strong>in</strong></span> <span class='ocrx_word' id='word_1_5' title='bbox 459 477 494 542; x_wconf 89' lang='lat' dir='ltr'>M</span> <span class='ocrx_word' id='word_1_6' title='bbox 515 477 674 544; x_wconf 81' lang='lat' dir='ltr'><strong>scribitur:</strong></span> <span class='ocrx_word' id='word_1_7' title='bbox 703 477 808 562; x_wconf 89' lang='lat' dir='ltr'><strong>quod</strong></span> <span class='ocrx_word' id='word_1_8' title='bbox 834 477 1052 544; x_wconf 87' lang='lat' dir='ltr'><strong>ridebatur</strong></span> <span class='ocrx_word' id='word_1_9' title='bbox 1081 476 1156 544; x_wconf 88' lang='lat' dir='ltr'><strong>isti</strong></span> <span class='ocrx_word' id='word_1_10' title='bbox 1183 476 1347 545; x_wconf 82' lang='lat' dir='ltr'><strong>uisurus</strong></span> 
     </span>
     <span class='ocr_line' id='line_1_3' title="bbox 277 583 1346 671; baseline -0.002 -18"><span class='ocrx_word' id='word_1_11' title='bbox 277 603 380 664; x_wconf 84' lang='lat' dir='ltr'><strong>esse,</strong></span> <span class='ocrx_word' id='word_1_12' title='bbox 420 585 452 651; x_wconf 92' lang='lat' dir='ltr'><strong>in</strong></span> <span class='ocrx_word' id='word_1_13' title='bbox 497 604 556 670; x_wconf 89' lang='lat' dir='ltr'><strong>qno</strong></span> <span class='ocrx_word' id='word_1_14' title='bbox 592 585 685 650; x_wconf 85' lang='lat' dir='ltr'><strong>latet:</strong></span> <span class='ocrx_word' id='word_1_15' title='bbox 728 583 830 667; x_wconf 91' lang='lat' dir='ltr'><strong>quod</strong></span> <span class='ocrx_word' id='word_1_16' title='bbox 868 584 1087 650; x_wconf 83' lang='lat' dir='ltr'><strong>ridebatur</strong></span> <span class='ocrx_word' id='word_1_17' title='bbox 1120 583 1196 652; x_wconf 89' lang='lat' dir='ltr'><strong>istic</strong></span> <span class='ocrx_word' id='word_1_18' title='bbox 1228 587 1346 671; x_wconf 86' lang='lat' dir='ltr'><strong>&lt;te&gt;</strong></span> 
     </span>
     <span class='ocr_line' id='line_1_4' title="bbox 275 690 1346 775; baseline 0.002 -18"><span class='ocrx_word' id='word_1_19' title='bbox 275 692 440 759; x_wconf 86' lang='lat' dir='ltr'><strong>risurus</strong></span> <span class='ocrx_word' id='word_1_20' title='bbox 473 709 569 758; x_wconf 87' lang='lat' dir='ltr'><strong>esse.</strong></span> <span class='ocrx_word' id='word_1_21' title='bbox 623 690 703 757; x_wconf 87' lang='lat' dir='ltr'><strong>Isti</strong></span> <span class='ocrx_word' id='word_1_22' title='bbox 736 709 790 775; x_wconf 91' lang='lat' dir='ltr'><strong>pro</strong></span> <span class='ocrx_word' id='word_1_23' title='bbox 821 691 919 759; x_wconf 89' lang='lat' dir='ltr'><strong>istic</strong></span> <span class='ocrx_word' id='word_1_24' title='bbox 954 692 1103 775; x_wconf 88' lang='lat' dir='ltr'><strong>scriptum</strong></span> <span class='ocrx_word' id='word_1_25' title='bbox 1140 691 1236 758; x_wconf 87' lang='lat' dir='ltr'><strong>etiam</strong></span> <span class='ocrx_word' id='word_1_26' title='bbox 1271 693 1346 759; x_wconf 87' lang='lat' dir='ltr'><strong>alibi</strong></span> 
     </span>
     <span class='ocr_line' id='line_1_5' title="bbox 274 816 410 864; baseline -0.015 -2"><span class='ocrx_word' id='word_1_27' title='bbox 274 816 410 864; x_wconf 86' lang='lat' dir='ltr'><strong>memrnr.</strong></span> 
     </span>
    </p>
   </div>
   <div class='ocr_carea' id='block_1_3' title="bbox 273 938 1345 1558">
    <p class='ocr_par' dir='ltr' id='par_1_3' title="bbox 273 938 1345 1558">
     <span class='ocr_line' id='line_1_6' title="bbox 375 938 1345 1023; baseline 0.003 -18"><span class='ocrx_word' id='word_1_28' title='bbox 375 939 453 1005; x_wconf 91' lang='lat' dir='ltr'><strong>Ibid.</strong></span> <span class='ocrx_word' id='word_1_29' title='bbox 477 940 516 1003; x_wconf 83' lang='grc'><strong>17</strong></span> <span class='ocrx_word' id='word_1_30' title='bbox 540 941 617 1019; x_wconf 76' lang='grc'>(18),</span> <span class='ocrx_word' id='word_1_31' title='bbox 646 940 665 1004; x_wconf 89' lang='grc'>3</span> <span class='ocrx_word' id='word_1_32' title='bbox 696 939 872 1023; x_wconf 86' lang='lat' dir='ltr'><strong>(postquam</strong></span> <span class='ocrx_word' id='word_1_33' title='bbox 898 938 1017 1005; x_wconf 86' lang='lat' dir='ltr'><strong>dictum</strong></span> <span class='ocrx_word' id='word_1_34' title='bbox 1040 940 1088 1005; x_wconf 89' lang='lat' dir='ltr'><strong>est</strong></span> <span class='ocrx_word' id='word_1_35' title='bbox 1109 939 1217 1007; x_wconf 90' lang='lat' dir='ltr'><strong>iudicii</strong></span> <span class='ocrx_word' id='word_1_36' title='bbox 1239 941 1345 1008; x_wconf 78' lang='lat' dir='ltr'><strong>formae</strong></span> 
     </span>
     <span class='ocr_line' id='line_1_7' title="bbox 274 1045 1344 1130; baseline 0.003 -19"><span class='ocrx_word' id='word_1_37' title='bbox 274 1046 442 1127; x_wconf 72' lang='lat' dir='ltr'>inusitatae,</span> <span class='ocrx_word' id='word_1_38' title='bbox 470 1065 538 1130; x_wconf 88' lang='lat' dir='ltr'><strong>quae</strong></span> <span class='ocrx_word' id='word_1_39' title='bbox 566 1046 721 1113; x_wconf 85' lang='lat' dir='ltr'><strong>intentata</strong></span> <span class='ocrx_word' id='word_1_40' title='bbox 742 1045 918 1114; x_wconf 88' lang='lat' dir='ltr'><strong>candidatis</strong></span> <span class='ocrx_word' id='word_1_41' title='bbox 941 1049 1033 1126; x_wconf 84' lang='lat' dir='ltr'><strong>esset,</strong></span> <span class='ocrx_word' id='word_1_42' title='bbox 1054 1047 1266 1114; x_wconf 74' lang='lat' dir='ltr'><strong>intercessisse</strong></span> <span class='ocrx_word' id='word_1_43' title='bbox 1288 1049 1344 1114; x_wconf 86' lang='lat' dir='ltr'><strong>tri·</strong></span> 
     </span>
     <span class='ocr_line' id='line_1_8' title="bbox 274 1151 1343 1236; baseline 0.003 -18"><span class='ocrx_word' id='word_1_44' title='bbox 274 1154 370 1219; x_wconf 91' lang='lat' dir='ltr'><strong>bunos</strong></span> <span class='ocrx_word' id='word_1_45' title='bbox 384 1155 511 1236; x_wconf 85' lang='lat' dir='ltr'><strong>plebis):</strong></span> <span class='ocrx_word' id='word_1_46' title='bbox 531 1153 606 1220; x_wconf 83' lang='lat' dir='ltr'><strong>Ros</strong></span> <span class='ocrx_word' id='word_1_47' title='bbox 623 1153 749 1232; x_wconf 88' lang='lat' dir='ltr'><strong>uadit;</strong></span> <span class='ocrx_word' id='word_1_48' title='bbox 772 1153 937 1220; x_wconf 87' lang='lat' dir='ltr'><strong>comitia</strong></span> <span class='ocrx_word' id='word_1_49' title='bbox 958 1151 1092 1220; x_wconf 87' lang='lat' dir='ltr'><strong>dilata</strong></span> <span class='ocrx_word' id='word_1_50' title='bbox 1113 1173 1156 1219; x_wconf 85' lang='lat' dir='ltr'><strong>er</strong></span> <span class='ocrx_word' id='word_1_51' title='bbox 1177 1156 1343 1221; x_wconf 89' lang='lat' dir='ltr'><strong>senatus</strong></span> 
     </span>
     <span class='ocr_line' id='line_1_9' title="bbox 274 1259 1342 1340; baseline 0.001 -16"><span class='ocrx_word' id='word_1_52' title='bbox 274 1260 476 1337; x_wconf 81' lang='lat' dir='ltr'><strong>consulto,</strong></span> <span class='ocrx_word' id='word_1_53' title='bbox 511 1260 599 1325; x_wconf 89' lang='lat' dir='ltr'><strong>dum</strong></span> <span class='ocrx_word' id='word_1_54' title='bbox 631 1261 694 1326; x_wconf 85' lang='lat' dir='ltr'><strong>lex</strong></span> <span class='ocrx_word' id='word_1_55' title='bbox 725 1259 772 1325; x_wconf 90' lang='lat' dir='ltr'><strong>de</strong></span> <span class='ocrx_word' id='word_1_56' title='bbox 803 1259 933 1327; x_wconf 87' lang='lat' dir='ltr'><strong>tacito</strong></span> <span class='ocrx_word' id='word_1_57' title='bbox 966 1259 1122 1340; x_wconf 89' lang='lat' dir='ltr'><strong>indicio</strong></span> <span class='ocrx_word' id='word_1_58' title='bbox 1156 1261 1342 1328; x_wconf 78' lang='lat' dir='ltr'><strong>ferratur.</strong></span> 
     </span>
     <span class='ocr_line' id='line_1_10' title="bbox 274 1365 1342 1452; baseline 0.004 -22"><span class='ocrx_word' id='word_1_59' title='bbox 274 1365 423 1445; x_wconf 82' lang='lat' dir='ltr'><strong>Verbum,</strong></span> <span class='ocrx_word' id='word_1_60' title='bbox 439 1365 521 1450; x_wconf 87' lang='lat' dir='ltr'><strong>quod</strong></span> <span class='ocrx_word' id='word_1_61' title='bbox 535 1370 583 1432; x_wconf 86' lang='lat' dir='ltr'><strong>est</strong></span> <span class='ocrx_word' id='word_1_62' title='bbox 598 1367 723 1447; x_wconf 86' lang='lat' dir='ltr'><strong>cedit,</strong></span> <span class='ocrx_word' id='word_1_63' title='bbox 740 1367 860 1433; x_wconf 90' lang='lat' dir='ltr'><strong>nullam</strong></span> <span class='ocrx_word' id='word_1_64' title='bbox 881 1366 975 1434; x_wconf 86' lang='lat' dir='ltr'><strong>habet</strong></span> <span class='ocrx_word' id='word_1_65' title='bbox 993 1366 1250 1452; x_wconf 86' lang='lat' dir='ltr'><strong>significationem</strong></span> <span class='ocrx_word' id='word_1_66' title='bbox 1272 1367 1342 1434; x_wconf 91' lang='lat' dir='ltr'><strong>hnic</strong></span> 
     </span>
     <span class='ocr_line' id='line_1_11' title="bbox 273 1471 1257 1558; baseline 0 -21"><span class='ocrx_word' id='word_1_67' title='bbox 273 1473 341 1539; x_wconf 94' lang='lat' dir='ltr'><strong>loco</strong></span> <span class='ocrx_word' id='word_1_68' title='bbox 363 1473 477 1556; x_wconf 89' lang='lat' dir='ltr'><strong>aptam.</strong></span> <span class='ocrx_word' id='word_1_69' title='bbox 520 1471 556 1538; x_wconf 90' lang='lat' dir='ltr'>M</span> <span class='ocrx_word' id='word_1_70' title='bbox 576 1473 669 1540; x_wconf 89' lang='lat' dir='ltr'><strong>habet</strong></span> <span class='ocrx_word' id='word_1_71' title='bbox 690 1473 809 1554; x_wconf 81' lang='lat' dir='ltr'><strong>cidit,</strong></span> <span class='ocrx_word' id='word_1_72' title='bbox 837 1493 873 1541; x_wconf 86' lang='lat' dir='ltr'><strong>ex</strong></span> <span class='ocrx_word' id='word_1_73' title='bbox 895 1492 955 1558; x_wconf 90' lang='lat' dir='ltr'><strong>quo</strong></span> <span class='ocrx_word' id='word_1_74' title='bbox 978 1473 1110 1540; x_wconf 85' lang='lat' dir='ltr'><strong>efficitur</strong></span> <span class='ocrx_word' id='word_1_75' title='bbox 1132 1473 1257 1542; x_wconf 85' lang='lat' dir='ltr'><strong>cecidit.</strong></span> 
     </span>
    </p>
   </div>
   <div class='ocr_carea' id='block_1_4' title="bbox 372 1625 1338 1706">
    <p class='ocr_par' dir='ltr' id='par_1_4' title="bbox 372 1625 1338 1706">
     <span class='ocr_line' id='line_1_12' title="bbox 372 1625 1338 1706; baseline 0.003 -15"><span class='ocrx_word' id='word_1_76' title='bbox 372 1625 452 1692; x_wconf 91' lang='lat' dir='ltr'><strong>lbid.</strong></span> <span class='ocrx_word' id='word_1_77' title='bbox 479 1628 527 1706; x_wconf 83' lang='lat'><strong>18,</strong></span> <span class='ocrx_word' id='word_1_78' title='bbox 549 1630 586 1691; x_wconf 83' lang='lat'><strong>4:</strong></span> <span class='ocrx_word' id='word_1_79' title='bbox 621 1628 810 1695; x_wconf 90' lang='lat' dir='ltr'><strong>absoluto</strong></span> <span class='ocrx_word' id='word_1_80' title='bbox 833 1626 1004 1694; x_wconf 83' lang='lat' dir='ltr'><strong>Gabinio</strong></span> <span class='ocrx_word' id='word_1_81' title='bbox 1033 1627 1338 1694; x_wconf 79' lang='lat' dir='ltr'><strong>stomachantes</strong></span> 
     </span>
    </p>
   </div>
   <div class='ocr_carea' id='block_1_5' title="bbox 270 1732 1481 1817">
    <p class='ocr_par' dir='ltr' id='par_1_5' title="bbox 270 1732 1481 1817">
     <span class='ocr_line' id='line_1_13' title="bbox 270 1732 1481 1817; baseline 0.003 -20"><span class='ocrx_word' id='word_1_82' title='bbox 270 1733 346 1798; x_wconf 89' lang='lat' dir='ltr'><strong>alii</strong></span> <span class='ocrx_word' id='word_1_83' title='bbox 388 1733 547 1799; x_wconf 89' lang='lat' dir='ltr'><strong>iudices</strong></span> <span class='ocrx_word' id='word_1_84' title='bbox 583 1733 678 1800; x_wconf 89' lang='lat' dir='ltr'><strong>hora</strong></span> <span class='ocrx_word' id='word_1_85' title='bbox 716 1736 807 1817; x_wconf 90' lang='lat' dir='ltr'><strong>post</strong></span> <span class='ocrx_word' id='word_1_86' title='bbox 843 1732 1086 1800; x_wconf 81' lang='lat' dir='ltr'><strong>Antiochum</strong></span> <span class='ocrx_word' id='word_1_87' title='bbox 1124 1734 1340 1801; x_wconf 84' lang='lat' dir='ltr'><strong>Gabinium</strong></span> <span class='ocrx_word' id='word_1_88' title='bbox 1475 1774 1481 1784; x_wconf 90' lang='lat'><strong>·</strong></span> 
     </span>
    </p>
   </div>
   <div class='ocr_carea' id='block_1_6' title="bbox 266 1839 1411 3102">
    <p class='ocr_par' dir='ltr' id='par_1_6' title="bbox 266 1839 1411 3102">
     <span class='ocr_line' id='line_1_14' title="bbox 271 1839 1341 1926; baseline 0.003 -21"><span class='ocrx_word' id='word_1_89' title='bbox 271 1841 409 1907; x_wconf 87' lang='lat' dir='ltr'><strong>nascio</strong></span> <span class='ocrx_word' id='word_1_90' title='bbox 432 1859 560 1926; x_wconf 83' lang='lat' dir='ltr'><strong>quem,</strong></span> <span class='ocrx_word' id='word_1_91' title='bbox 582 1839 733 1906; x_wconf 88' lang='lat' dir='ltr'><strong>solidis</strong></span> <span class='ocrx_word' id='word_1_92' title='bbox 756 1839 1010 1925; x_wconf 82' lang='lat' dir='ltr'><strong>pectoribus,</strong></span> <span class='ocrx_word' id='word_1_93' title='bbox 1039 1841 1249 1922; x_wconf 83' lang='lat' dir='ltr'><strong>libertum,</strong></span> <span class='ocrx_word' id='word_1_94' title='bbox 1276 1860 1341 1909; x_wconf 90' lang='lat' dir='ltr'><strong>ac·</strong></span> 
     </span>
     <span class='ocr_line' id='line_1_15' title="bbox 271 1946 1340 2032; baseline 0.001 -19"><span class='ocrx_word' id='word_1_95' title='bbox 271 1946 628 2028; x_wconf 74' lang='lat' dir='ltr'><strong>consnmdabinii‚</strong></span> <span class='ocrx_word' id='word_1_96' title='bbox 651 1946 741 2032; x_wconf 86' lang='lat' dir='ltr'><strong>lega</strong></span> <span class='ocrx_word' id='word_1_97' title='bbox 758 1948 883 2030; x_wconf 86' lang='lat' dir='ltr'><strong>Papia</strong></span> <span class='ocrx_word' id='word_1_98' title='bbox 904 1948 1231 2014; x_wconf 86' lang='lat' dir='ltr'><strong>condemnarunt.</strong></span> <span class='ocrx_word' id='word_1_99' title='bbox 1253 1949 1340 2015; x_wconf 88' lang='lat' dir='ltr'><strong>Ita·</strong></span> 
     </span>
     <span class='ocr_line' id='line_1_16' title="bbox 266 2053 1340 2142; baseline 0.001 -23"><span class='ocrx_word' id='word_1_100' title='bbox 266 2074 344 2142; x_wconf 12' lang='lat' dir='ltr'><strong>&#39;que</strong></span> <span class='ocrx_word' id='word_1_101' title='bbox 376 2055 482 2119; x_wconf 85' lang='lat' dir='ltr'><strong>dixit</strong></span> <span class='ocrx_word' id='word_1_102' title='bbox 514 2055 655 2118; x_wconf 85' lang='lat' dir='ltr'><strong>statim</strong></span> <span class='ocrx_word' id='word_1_103' title='bbox 684 2072 784 2137; x_wconf 87' lang='lat' dir='ltr'><strong>resp.</strong></span> <span class='ocrx_word' id='word_1_104' title='bbox 817 2053 907 2138; x_wconf 89' lang='lat' dir='ltr'><strong>lege</strong></span> <span class='ocrx_word' id='word_1_105' title='bbox 936 2055 1180 2122; x_wconf 85' lang='lat' dir='ltr'><strong>maiestatis.</strong></span> <span class='ocrx_word' id='word_1_106' title='bbox 1235 2055 1340 2121; x_wconf 88' lang='lat' dir='ltr'><strong>Mendi</strong></span> 
     </span>
     <span class='ocr_line' id='line_1_17' title="bbox 270 2159 1339 2249; baseline 0.001 -21"><span class='ocrx_word' id='word_1_107' title='bbox 270 2162 359 2228; x_wconf 87' lang='lat' dir='ltr'><strong>sodes</strong></span> <span class='ocrx_word' id='word_1_108' title='bbox 382 2165 414 2228; x_wconf 86' lang='lat' dir='ltr'><strong>st</strong></span> <span class='ocrx_word' id='word_1_109' title='bbox 438 2162 523 2246; x_wconf 83' lang='lat' dir='ltr'><strong>origo</strong></span> <span class='ocrx_word' id='word_1_110' title='bbox 545 2161 595 2226; x_wconf 88' lang='lat' dir='ltr'><strong>ost</strong></span> <span class='ocrx_word' id='word_1_111' title='bbox 615 2161 647 2224; x_wconf 93' lang='lat' dir='ltr'><strong>in</strong></span> <span class='ocrx_word' id='word_1_112' title='bbox 678 2159 791 2226; x_wconf 85' lang='lat' dir='ltr'><strong>dixit.</strong></span> <span class='ocrx_word' id='word_1_113' title='bbox 847 2161 1019 2246; x_wconf 78' lang='lat' dir='ltr'><strong>scripserat</strong></span> <span class='ocrx_word' id='word_1_114' title='bbox 1039 2161 1162 2229; x_wconf 77' lang='lat' dir='ltr'><strong>Cicero:</strong></span> <span class='ocrx_word' id='word_1_115' title='bbox 1198 2163 1339 2249; x_wconf 88' lang='lat' dir='ltr'><strong>ltaque</strong></span> 
     </span>
     <span class='ocr_line' id='line_1_18' title="bbox 270 2267 1338 2353; baseline 0 -17"><span class='ocrx_word' id='word_1_116' title='bbox 270 2269 375 2336; x_wconf 84' lang='lat' dir='ltr'><strong>eluxit</strong></span> <span class='ocrx_word' id='word_1_117' title='bbox 396 2269 538 2334; x_wconf 88' lang='lat' dir='ltr'><strong>statim</strong></span> <span class='ocrx_word' id='word_1_118' title='bbox 560 2286 623 2334; x_wconf 88' lang='lat' dir='ltr'><strong>res</strong></span> <span class='ocrx_word' id='word_1_119' title='bbox 646 2267 814 2350; x_wconf 85' lang='lat' dir='ltr'><strong>publica</strong></span> <span class='ocrx_word' id='word_1_120' title='bbox 835 2269 941 2353; x_wconf 83' lang='lat' dir='ltr'><strong>legem</strong></span> <span class='ocrx_word' id='word_1_121' title='bbox 963 2269 1209 2336; x_wconf 89' lang='lat' dir='ltr'><strong>maiestatis.</strong></span> <span class='ocrx_word' id='word_1_122' title='bbox 1261 2269 1338 2336; x_wconf 83' lang='lat' dir='ltr'><strong>Cum</strong></span> 
     </span>
     <span class='ocr_line' id='line_1_19' title="bbox 270 2374 1335 2461; baseline 0.002 -19"><span class='ocrx_word' id='word_1_123' title='bbox 270 2374 358 2461; x_wconf 84' lang='lat' dir='ltr'><strong>gravi</strong></span> <span class='ocrx_word' id='word_1_124' title='bbox 372 2374 584 2460; x_wconf 81' lang='lat' dir='ltr'><strong>indignatione</strong></span> <span class='ocrx_word' id='word_1_125' title='bbox 599 2376 708 2442; x_wconf 89' lang='lat' dir='ltr'><strong>acerbo</strong></span> <span class='ocrx_word' id='word_1_126' title='bbox 723 2374 828 2441; x_wconf 90' lang='lat' dir='ltr'><strong>iocans</strong></span> <span class='ocrx_word' id='word_1_127' title='bbox 840 2375 946 2442; x_wconf 79' lang='lat' dir='ltr'><strong>Cicero</strong></span> <span class='ocrx_word' id='word_1_128' title='bbox 960 2376 1192 2460; x_wconf 87' lang='lat' dir='ltr'><strong>rempublicam</strong></span> <span class='ocrx_word' id='word_1_129' title='bbox 1207 2377 1335 2456; x_wconf 79' lang='lat' dir='ltr'><strong>luctum,</strong></span> 
     </span>
     <span class='ocr_line' id='line_1_20' title="bbox 270 2481 1337 2568; baseline 0.002 -20"><span class='ocrx_word' id='word_1_130' title='bbox 270 2502 362 2568; x_wconf 89' lang='lat' dir='ltr'><strong>quem</strong></span> <span class='ocrx_word' id='word_1_131' title='bbox 373 2482 505 2550; x_wconf 84' lang='lat' dir='ltr'><strong>Gabinio</strong></span> <span class='ocrx_word' id='word_1_132' title='bbox 526 2481 668 2549; x_wconf 88' lang='lat' dir='ltr'><strong>absoluto</strong></span> <span class='ocrx_word' id='word_1_133' title='bbox 690 2483 850 2566; x_wconf 85' lang='lat' dir='ltr'><strong>tamqnam</strong></span> <span class='ocrx_word' id='word_1_134' title='bbox 873 2483 941 2568; x_wconf 84' lang='lat' dir='ltr'><strong>lege</strong></span> <span class='ocrx_word' id='word_1_135' title='bbox 964 2483 1138 2550; x_wconf 86' lang='lat' dir='ltr'><strong>maiestatis</strong></span> <span class='ocrx_word' id='word_1_136' title='bbox 1160 2484 1286 2550; x_wconf 89' lang='lat' dir='ltr'><strong>sublata</strong></span> <span class='ocrx_word' id='word_1_137' title='bbox 1307 2486 1337 2550; x_wconf 88' lang='lat' dir='ltr'><strong>at</strong></span> 
     </span>
     <span class='ocr_line' id='line_1_21' title="bbox 269 2589 1337 2674; baseline 0 -18"><span class='ocrx_word' id='word_1_138' title='bbox 269 2595 393 2657; x_wconf 86' lang='lat' dir='ltr'><strong>mortua</strong></span> <span class='ocrx_word' id='word_1_139' title='bbox 414 2590 609 2674; x_wconf 75' lang='lat' dir='ltr'><strong>suscepisset,</strong></span> <span class='ocrx_word' id='word_1_140' title='bbox 633 2590 811 2673; x_wconf 90' lang='lat' dir='ltr'><strong>deposuisse</strong></span> <span class='ocrx_word' id='word_1_141' title='bbox 833 2590 910 2656; x_wconf 91' lang='lat' dir='ltr'><strong>dicit</strong></span> <span class='ocrx_word' id='word_1_142' title='bbox 930 2591 1099 2656; x_wconf 89' lang='lat' dir='ltr'><strong>recreatam</strong></span> <span class='ocrx_word' id='word_1_143' title='bbox 1116 2589 1236 2658; x_wconf 85' lang='lat' dir='ltr'><strong>scilieet</strong></span> <span class='ocrx_word' id='word_1_144' title='bbox 1250 2590 1337 2656; x_wconf 90' lang='lat' dir='ltr'><strong>dam-</strong></span> 
     </span>
     <span class='ocr_line' id='line_1_22' title="bbox 268 2697 1411 2782; baseline -0.002 -18"><span class='ocrx_word' id='word_1_145' title='bbox 268 2699 394 2765; x_wconf 85' lang='lat' dir='ltr'><strong>natione</strong></span> <span class='ocrx_word' id='word_1_146' title='bbox 416 2699 520 2782; x_wconf 88' lang='lat' dir='ltr'><strong>pusilli</strong></span> <span class='ocrx_word' id='word_1_147' title='bbox 542 2697 677 2763; x_wconf 91' lang='lat' dir='ltr'><strong>homiois</strong></span> <span class='ocrx_word' id='word_1_148' title='bbox 700 2698 762 2764; x_wconf 88' lang='lat' dir='ltr'><strong>alia</strong></span> <span class='ocrx_word' id='word_1_149' title='bbox 782 2698 850 2782; x_wconf 84' lang='lat' dir='ltr'><strong>lage</strong></span> <span class='ocrx_word' id='word_1_150' title='bbox 872 2698 1015 2763; x_wconf 87' lang='lat' dir='ltr'><strong>accusati.</strong></span> <span class='ocrx_word' id='word_1_151' title='bbox 1054 2697 1163 2777; x_wconf 88' lang='lat' dir='ltr'><strong>(Paulo</strong></span> <span class='ocrx_word' id='word_1_152' title='bbox 1185 2699 1256 2780; x_wconf 90' lang='lat' dir='ltr'><strong>post</strong></span> <span class='ocrx_word' id='word_1_153' title='bbox 1278 2716 1338 2763; x_wconf 93' lang='lat' dir='ltr'><strong>non</strong></span> <span class='ocrx_word' id='word_1_154' title='bbox 1408 2708 1411 2716; x_wconf 88' lang='lat'>&#39;</span> 
     </span>
     <span class='ocr_line' id='line_1_23' title="bbox 268 2802 1337 2890; baseline -0.001 -20"><span class='ocrx_word' id='word_1_155' title='bbox 268 2805 335 2871; x_wconf 91' lang='lat' dir='ltr'><strong>sine</strong></span> <span class='ocrx_word' id='word_1_156' title='bbox 358 2824 450 2871; x_wconf 87' lang='lat' dir='ltr'><strong>cansa</strong></span> <span class='ocrx_word' id='word_1_157' title='bbox 472 2805 636 2890; x_wconf 85' lang='lat' dir='ltr'><strong>Siesbyous</strong></span> <span class='ocrx_word' id='word_1_158' title='bbox 657 2805 787 2870; x_wconf 87' lang='lat' dir='ltr'><strong>miratur</strong></span> <span class='ocrx_word' id='word_1_159' title='bbox 808 2805 864 2869; x_wconf 92' lang='lat' dir='ltr'><strong>hoo</strong></span> <span class='ocrx_word' id='word_1_160' title='bbox 887 2822 946 2868; x_wconf 93' lang='lat' dir='ltr'><strong>uno</strong></span> <span class='ocrx_word' id='word_1_161' title='bbox 968 2805 1036 2870; x_wconf 91' lang='lat' dir='ltr'><strong>loeo</strong></span> <span class='ocrx_word' id='word_1_162' title='bbox 1058 2805 1139 2888; x_wconf 89' lang='lat' dir='ltr'><strong>apud</strong></span> <span class='ocrx_word' id='word_1_163' title='bbox 1160 2802 1337 2871; x_wconf 76' lang='lat' dir='ltr'><strong>Ciceronem</strong></span> 
     </span>
     <span class='ocr_line' id='line_1_24' title="bbox 269 2910 1337 2997; baseline 0.001 -21"><span class='ocrx_word' id='word_1_164' title='bbox 269 2910 317 2976; x_wconf 90' lang='lat' dir='ltr'><strong>edi</strong></span> <span class='ocrx_word' id='word_1_165' title='bbox 338 2911 385 2975; x_wconf 93' lang='lat' dir='ltr'><strong>ad</strong></span> <span class='ocrx_word' id='word_1_166' title='bbox 406 2911 531 2992; x_wconf 87' lang='lat' dir='ltr'><strong>nihil,</strong></span> <span class='ocrx_word' id='word_1_167' title='bbox 554 2931 624 2978; x_wconf 89' lang='lat' dir='ltr'><strong>cum</strong></span> <span class='ocrx_word' id='word_1_168' title='bbox 647 2911 678 2976; x_wconf 92' lang='lat' dir='ltr'><strong>et</strong></span> <span class='ocrx_word' id='word_1_169' title='bbox 699 2911 764 2994; x_wconf 91' lang='lat' dir='ltr'><strong>ipsa</strong></span> <span class='ocrx_word' id='word_1_170' title='bbox 786 2910 862 2976; x_wconf 92' lang='lat' dir='ltr'><strong>alibi</strong></span> <span class='ocrx_word' id='word_1_171' title='bbox 884 2911 916 2975; x_wconf 88' lang='lat' dir='ltr'><strong>et</strong></span> <span class='ocrx_word' id='word_1_172' title='bbox 938 2910 1032 2976; x_wconf 85' lang='lat' dir='ltr'><strong>ceteri</strong></span> <span class='ocrx_word' id='word_1_173' title='bbox 1055 2912 1242 2995; x_wconf 82' lang='lat' dir='ltr'><strong>antiquiores</strong></span> <span class='ocrx_word' id='word_1_174' title='bbox 1259 2931 1337 2997; x_wconf 83' lang='lat' dir='ltr'><strong>prae·</strong></span> 
     </span>
     <span class='ocr_line' id='line_1_25' title="bbox 267 3016 1336 3102; baseline 0.002 -19"><span class='ocrx_word' id='word_1_175' title='bbox 267 3017 472 3099; x_wconf 86' lang='lat' dir='ltr'><strong>positionibus</strong></span> <span class='ocrx_word' id='word_1_176' title='bbox 495 3019 660 3086; x_wconf 89' lang='lat' dir='ltr'><strong>subiiciant</strong></span> <span class='ocrx_word' id='word_1_177' title='bbox 681 3017 871 3098; x_wconf 80' lang='lat' dir='ltr'><strong>nihilum,</strong></span> <span class='ocrx_word' id='word_1_178' title='bbox 895 3016 1044 3096; x_wconf 79' lang='lat' dir='ltr'><strong>nihilo,</strong></span> <span class='ocrx_word' id='word_1_179' title='bbox 1069 3036 1168 3102; x_wconf 90' lang='lat' dir='ltr'><strong>aquo</strong></span> <span class='ocrx_word' id='word_1_180' title='bbox 1191 3039 1247 3085; x_wconf 91' lang='lat' dir='ltr'><strong>usn</strong></span> <span class='ocrx_word' id='word_1_181' title='bbox 1270 3019 1336 3085; x_wconf 90' lang='lat' dir='ltr'><strong>Pli-</strong></span> 
     </span>
    </p>
   </div>
   <div class='ocr_carea' id='block_1_7' title="bbox 137 3123 685 3207">
    <p class='ocr_par' dir='ltr' id='par_1_7' title="bbox 137 3123 685 3207">
     <span class='ocr_line' id='line_1_26' title="bbox 137 3123 685 3207; baseline 0.013 -22"><span class='ocrx_word' id='word_1_182' title='bbox 137 3164 139 3169; x_wconf 91' lang='lat'>-</span> <span class='ocrx_word' id='word_1_183' title='bbox 268 3124 337 3188; x_wconf 89' lang='lat' dir='ltr'><strong>nius</strong></span> <span class='ocrx_word' id='word_1_184' title='bbox 359 3123 474 3207; x_wconf 87' lang='lat' dir='ltr'><strong>aliique</strong></span> <span class='ocrx_word' id='word_1_185' title='bbox 496 3125 685 3203; x_wconf 88' lang='lat' dir='ltr'><strong>deflectunt.)</strong></span> 
     </span>
    </p>
   </div>
   <div class='ocr_carea' id='block_1_8' title="bbox 263 3264 1337 4099">
    <p class='ocr_par' dir='ltr' id='par_1_8' title="bbox 263 3264 1337 4099">
     <span class='ocr_line' id='line_1_27' title="bbox 367 3264 1335 3345; baseline 0.002 -17"><span class='ocrx_word' id='word_1_186' title='bbox 367 3264 445 3330; x_wconf 91' lang='lat' dir='ltr'><strong>lbid.</strong></span> <span class='ocrx_word' id='word_1_187' title='bbox 469 3265 508 3328; x_wconf 90' lang='grc'><strong>19</strong></span> <span class='ocrx_word' id='word_1_188' title='bbox 531 3267 608 3345; x_wconf 85' lang='grc'>(17),</span> <span class='ocrx_word' id='word_1_189' title='bbox 632 3267 667 3331; x_wconf 89' lang='lat'><strong>1:</strong></span> <span class='ocrx_word' id='word_1_190' title='bbox 696 3266 842 3331; x_wconf 82' lang='lat' dir='ltr'><strong>Putaui</strong></span> <span class='ocrx_word' id='word_1_191' title='bbox 870 3265 915 3331; x_wconf 90' lang='lat' dir='ltr'><strong>de</strong></span> <span class='ocrx_word' id='word_1_192' title='bbox 942 3266 1112 3331; x_wconf 91' lang='lat' dir='ltr'><strong>nummis</strong></span> <span class='ocrx_word' id='word_1_193' title='bbox 1143 3266 1236 3331; x_wconf 88' lang='lat' dir='ltr'><strong>ante</strong></span> <span class='ocrx_word' id='word_1_194' title='bbox 1269 3283 1335 3330; x_wconf 90' lang='lat' dir='ltr'><strong>oo·</strong></span> 
     </span>
     <span class='ocr_line' id='line_1_28' title="bbox 266 3370 1336 3456; baseline -0.001 -19"><span class='ocrx_word' id='word_1_195' title='bbox 266 3371 385 3437; x_wconf 90' lang='lat' dir='ltr'><strong>mitia</strong></span> <span class='ocrx_word' id='word_1_196' title='bbox 417 3370 607 3438; x_wconf 87' lang='lat' dir='ltr'><strong>tributim</strong></span> <span class='ocrx_word' id='word_1_197' title='bbox 639 3390 714 3439; x_wconf 89' lang='lat' dir='ltr'><strong>uno</strong></span> <span class='ocrx_word' id='word_1_198' title='bbox 747 3373 835 3439; x_wconf 93' lang='lat' dir='ltr'><strong>loco</strong></span> <span class='ocrx_word' id='word_1_199' title='bbox 873 3372 1025 3439; x_wconf 83' lang='lat' dir='ltr'><strong>divisis</strong></span> <span class='ocrx_word' id='word_1_200' title='bbox 1056 3372 1204 3456; x_wconf 85' lang='lat' dir='ltr'><strong>palam,</strong></span> <span class='ocrx_word' id='word_1_201' title='bbox 1240 3371 1336 3437; x_wconf 91' lang='lat' dir='ltr'><strong>indo</strong></span> 
     </span>
     <span class='ocr_line' id='line_1_29' title="bbox 265 3477 1335 3546; baseline -0.001 -2"><span class='ocrx_word' id='word_1_202' title='bbox 265 3477 742 3546; x_wconf 80' lang='lat' dir='ltr'><strong>absolutumGabinium.</strong></span> <span class='ocrx_word' id='word_1_203' title='bbox 765 3479 1024 3546; x_wconf 87' lang='lat' dir='ltr'><strong>Dictaturam</strong></span> <span class='ocrx_word' id='word_1_204' title='bbox 1047 3480 1186 3545; x_wconf 80' lang='lat' dir='ltr'><strong>fruere</strong></span> <span class='ocrx_word' id='word_1_205' title='bbox 1208 3480 1335 3545; x_wconf 88' lang='lat' dir='ltr'><strong>iusti·</strong></span> 
     </span>
     <span class='ocr_line' id='line_1_30' title="bbox 265 3586 1337 3654; baseline -0.003 -2"><span class='ocrx_word' id='word_1_206' title='bbox 265 3587 322 3653; x_wconf 91' lang='lat' dir='ltr'><strong>tio</strong></span> <span class='ocrx_word' id='word_1_207' title='bbox 347 3592 385 3653; x_wconf 86' lang='lat' dir='ltr'><strong>et</strong></span> <span class='ocrx_word' id='word_1_208' title='bbox 407 3586 581 3653; x_wconf 90' lang='lat' dir='ltr'><strong>omnium</strong></span> <span class='ocrx_word' id='word_1_209' title='bbox 612 3604 743 3651; x_wconf 87' lang='lat' dir='ltr'><strong>rerum</strong></span> <span class='ocrx_word' id='word_1_210' title='bbox 773 3586 957 3652; x_wconf 85' lang='lat' dir='ltr'><strong>licentia.</strong></span> <span class='ocrx_word' id='word_1_211' title='bbox 1013 3588 1088 3654; x_wconf 86' lang='lat' dir='ltr'><strong>Haec</strong></span> <span class='ocrx_word' id='word_1_212' title='bbox 1109 3586 1263 3654; x_wconf 84' lang='lat' dir='ltr'><strong>conclusio</strong></span> <span class='ocrx_word' id='word_1_213' title='bbox 1288 3587 1337 3650; x_wconf 89' lang='lat' dir='ltr'><strong>est</strong></span> 
     </span>
     <span class='ocr_line' id='line_1_31' title="bbox 265 3690 1334 3778; baseline 0 -20"><span class='ocrx_word' id='word_1_214' title='bbox 265 3693 412 3775; x_wconf 82' lang='lat' dir='ltr'><strong>epistolae,</strong></span> <span class='ocrx_word' id='word_1_215' title='bbox 442 3694 528 3760; x_wconf 89' lang='lat' dir='ltr'><strong>cuius</strong></span> <span class='ocrx_word' id='word_1_216' title='bbox 557 3690 677 3777; x_wconf 88' lang='lat' dir='ltr'><strong>reliqua</strong></span> <span class='ocrx_word' id='word_1_217' title='bbox 704 3711 776 3776; x_wconf 90' lang='lat' dir='ltr'><strong>pars</strong></span> <span class='ocrx_word' id='word_1_218' title='bbox 806 3693 880 3760; x_wconf 87' lang='lat' dir='ltr'><strong>folio</strong></span> <span class='ocrx_word' id='word_1_219' title='bbox 903 3692 1015 3760; x_wconf 89' lang='lat' dir='ltr'><strong>codicis</strong></span> <span class='ocrx_word' id='word_1_220' title='bbox 1038 3694 1196 3778; x_wconf 87' lang='lat' dir='ltr'><strong>archetypi</strong></span> <span class='ocrx_word' id='word_1_221' title='bbox 1219 3693 1334 3759; x_wconf 89' lang='lat' dir='ltr'><strong>amisso</strong></span> 
     </span>
     <span class='ocr_line' id='line_1_32' title="bbox 264 3798 1336 3883; baseline 0.002 -19"><span class='ocrx_word' id='word_1_222' title='bbox 264 3798 433 3866; x_wconf 89' lang='lat' dir='ltr'><strong>intercidit.</strong></span> <span class='ocrx_word' id='word_1_223' title='bbox 484 3800 521 3864; x_wconf 93' lang='lat' dir='ltr'><strong>In</strong></span> <span class='ocrx_word' id='word_1_224' title='bbox 551 3819 587 3864; x_wconf 89' lang='lat' dir='ltr'><strong>ea</strong></span> <span class='ocrx_word' id='word_1_225' title='bbox 617 3800 748 3882; x_wconf 88' lang='lat' dir='ltr'><strong>epistola</strong></span> <span class='ocrx_word' id='word_1_226' title='bbox 778 3798 883 3866; x_wconf 80' lang='lat' dir='ltr'><strong>Cicero</strong></span> <span class='ocrx_word' id='word_1_227' title='bbox 910 3800 1075 3883; x_wconf 86' lang='lat' dir='ltr'><strong>scripserat</strong></span> <span class='ocrx_word' id='word_1_228' title='bbox 1096 3801 1134 3865; x_wconf 91' lang='lat' dir='ltr'><strong>de</strong></span> <span class='ocrx_word' id='word_1_229' title='bbox 1156 3801 1336 3868; x_wconf 75' lang='lat' dir='ltr'><strong>orationes</strong></span> 
     </span>
     <span class='ocr_line' id='line_1_33' title="bbox 264 3895 1334 3994; baseline 0.002 -23"><span class='ocrx_word' id='word_1_230' title='bbox 264 3925 296 3972; x_wconf 91' lang='lat' dir='ltr'><strong>se</strong></span> <span class='ocrx_word' id='word_1_231' title='bbox 320 3895 356 3972; x_wconf 86' lang='lat' dir='ltr'><strong>¹in</strong></span> <span class='ocrx_word' id='word_1_232' title='bbox 386 3907 495 3972; x_wconf 89' lang='lat' dir='ltr'><strong>senatu</strong></span> <span class='ocrx_word' id='word_1_233' title='bbox 524 3906 644 3972; x_wconf 88' lang='lat' dir='ltr'><strong>habita:</strong></span> <span class='ocrx_word' id='word_1_234' title='bbox 675 3905 927 3994; x_wconf 85' lang='lat' dir='ltr'><strong>&lt;Dis&gt;putavi</strong></span> <span class='ocrx_word' id='word_1_235' title='bbox 951 3906 1203 3991; x_wconf 79' lang='lat' dir='ltr'><strong>....palam‚</strong></span> <span class='ocrx_word' id='word_1_236' title='bbox 1239 3906 1334 3973; x_wconf 86' lang='lat' dir='ltr'><strong>inde</strong></span> 
     </span>
     <span class='ocr_line' id='line_1_34' title="bbox 263 4012 1333 4099; baseline 0.002 -21"><span class='ocrx_word' id='word_1_237' title='bbox 263 4012 493 4080; x_wconf 86' lang='lat' dir='ltr'><strong>absolutum</strong></span> <span class='ocrx_word' id='word_1_238' title='bbox 529 4012 759 4090; x_wconf 69' lang='lat' dir='ltr'><strong>Gabinium</strong></span> <span class='ocrx_word' id='word_1_239' title='bbox 797 4014 907 4096; x_wconf 85' lang='lat' dir='ltr'><strong>&lt;ram</strong></span> <span class='ocrx_word' id='word_1_240' title='bbox 939 4013 1101 4099; x_wconf 87' lang='lat' dir='ltr'><strong>publicam</strong></span> <span class='ocrx_word' id='word_1_241' title='bbox 1132 4012 1209 4097; x_wconf 92' lang='lat' dir='ltr'><strong>in&gt;</strong></span> <span class='ocrx_word' id='word_1_242' title='bbox 1246 4013 1333 4080; x_wconf 89' lang='lat' dir='ltr'><strong>dio·</strong></span> 
     </span>
    </p>
   </div>
   <div class='ocr_carea' id='block_1_9' title="bbox 161 4117 1332 4187">
    <p class='ocr_par' dir='ltr' id='par_1_9' title="bbox 161 4117 1332 4187">
     <span class='ocr_line' id='line_1_35' title="bbox 161 4117 1332 4187; baseline 0.003 -8"><span class='ocrx_word' id='word_1_243' title='bbox 161 4121 163 4126; x_wconf 87' lang='grc'><strong>’</strong></span> <span class='ocrx_word' id='word_1_244' title='bbox 264 4117 1332 4187; x_wconf 82' lang='lat' dir='ltr'><strong>taturamruarciustitioetomniumrerumlicentia.</strong></span> 
     </span>
    </p>
   </div>
   <div class='ocr_carea' id='block_1_10' title="bbox 0 0 1510 4652">
    <p class='ocr_par' dir='ltr' id='par_1_10' title="bbox 0 0 1510 4652">
     <span class='ocr_line' id='line_1_36' title="bbox 0 0 1510 4652; baseline 0 4"><span class='ocrx_word' id='word_1_245' title='bbox 0 0 1510 4652; x_wconf 95' lang='lat' dir='ltr'><strong> </strong></span> 
     </span>
    </p>
   </div>
  </div>
 </body>
</html>
