2974 4660
26 3709 29 3810 l

26 3832 30 3922 l

26 3923 32 4111 ξ

315 273 354 338 32
687 275 748 330 nin.
767 275 788 330 1.
809 277 875 345 cap.
892 275 928 330 11.

270 462 410 556 ζόμενοι
434 472 563 556 exprimi
586 474 708 556 poterat
729 473 761 536 et
783 472 947 538 dioendum
962 476 1030 538 erat
1044 467 1340 559 &abrenuntiatam

272 595 371 660 neque
393 577 457 642 ullo
478 579 569 644 modo
590 577 747 660 probabile
770 580 819 644 est
840 598 858 644 a
877 580 998 664 tyranni
1013 581 1209 663 procuratore
1226 578 1342 646 Taren·

274 683 347 751 tinis
380 682 486 750 liberis
518 683 664 750 auxilium
687 685 886 752 summissum
913 703 981 752 essa
1010 685 1127 751 offensa
1152 703 1267 762 eorum,
1290 683 1344 768 qui

274 793 402 874 tyranno
424 792 576 874 parerent,
598 790 766 858 volontate.
793 791 958 876 Repugnat
978 793 1082 866 etiarn,
1105 789 1187 874 quod
1208 789 1342 864 additur,

267 889 482 980 α’πικύγιενοι
517 897 669 983 τιγιοροί,
698 898 778 980 quod
809 897 846 962 de
875 898 1077 964 auxiliaribus
1104 916 1160 963 sua
1182 897 1343 962 voluntate

274 1002 426 1081 adductis,
451 1023 512 1069 non
530 1005 567 1068 de
581 1005 736 1069 militibus
751 1004 880 1086 imperio
896 1005 1016 1090 tyranni
1032 1019 1119 1086 aegre·
1129 999 1344 1068 obedientibus

266 1112 345 1190 apte
368 1110 488 1174 dicitur.
538 1109 736 1195 significatur
750 1111 897 1176 nimirum
913 1129 962 1176 res
977 1110 1010 1175 in
1025 1107 1205 1176 civitatibus
1226 1107 1343 1174 Granis

274 1215 519 1298 frequentissimi
542 1216 683 1298 exempli,
706 1218 828 1298 partem
849 1217 963 1284 nivium
988 1217 1197 1301 Rheginorum
1220 1214 1346 1297 propter

276 1321 470 1406 tyrannidem
502 1323 622 1387 exsules
655 1327 784 1406 vagatos
817 1342 884 1388 esse
906 1343 1015 1407 eosque
1038 1341 1071 1388 so
1093 1320 1267 1387 Tarentinis
1290 1338 1346 1385 suo

276 1429 407 1494 oonsilio
429 1429 613 1495 adiunxisse.
664 1429 772 1513 ltaque
794 1437 847 1494 aut
869 1428 1016 1496 excidisse
1038 1421 1217 1515 φεύγειν
1239 1426 1347 1509 opinor

274 1530 430 1623 (φεύγειν
444 1527 727 1622 α’ναγκαζύμενοι)
745 1537 799 1601 aut
813 1536 1020 1602 scribendum:
1044 1541 1079 1602 οἳ
1091 1530 1160 1602 ύπδ
1177 1526 1348 1602 Μικύθου
1430 1571 1434 1578 ·

278 1642 338 1708 τού
360 1642 496 1728 Χοίρου
526 1635 849 1730 α’ναχαζύγιενοι
880 1642 946 1709 τῶν
969 1635 1091 1719 α’στῶν,
1124 1642 1217 1725 paulo
1241 1641 1347 1706 durius

278 1747 379 1830 posito
417 1741 487 1816 ύπύ
524 1751 604 1831 apud
642 1750 770 1815 verbum
806 1750 1047 1821 intransitivum,
1084 1748 1347 1831 quemadmodum

278 1855 391 1920 dicitur
411 1851 551 1944 paripate
565 1848 634 1921 ύπύ
651 1880 753 1926 τινος.
776 1857 850 1936 (Pro
865 1851 954 1922 σύτο
972 1854 1130 1939 Pingelius
1147 1854 1350 1937 probabiliter

269 1948 396 2041 οὗτοι.)

377 2068 553 2136 loid.180:
584 2070 638 2132 καί
674 2073 789 2134 ἔπειτα
823 2067 892 2134 τῶν
925 2073 1114 2154 ἐπιβατέων
1147 2061 1254 2152 αὐτῆς
1283 2060 1350 2132 edre

280 2172 540 2242 καλλιστεύοντα
581 2168 769 2261 α’γαγύντες
812 2177 868 2243 ἐπὶ
905 2176 966 2260 τῆς
999 2171 1135 2263 πρύρης
1171 2174 1233 2260 τῆς
1270 2166 1350 2249 κεδς

279 2287 438 2366 ἔσφαξαν,
462 2279 627 2358 διαδέξιον
649 2277 848 2367 ποιεύμενοι
878 2277 939 2348 τύν
968 2280 1059 2348 εἷλον
1081 2283 1149 2347 τῶν
1169 2272 1349 2366 Ἑλλήνων

278 2389 416 2472 πρώτον
440 2390 494 2454 καὶ
518 2383 708 2455 κοίλλιστον.
760 2389 867 2472 Neque
898 2389 971 2454 alibi
999 2389 1150 2471 reperitur
1173 2388 1347 2464 διαδέξιος,

277 2513 378 2577 neque
399 2494 433 2559 id
455 2494 629 2580 significare
649 2495 762 2578 polest,
795 2496 877 2578 quod
906 2496 1023 2572 volunt,
1050 2494 1156 2564 „valde
1178 2496 1347 2564 faustum“.

278 2619 378 2682 neqne
411 2600 518 2677 δεξιον
551 2601 733 2668 ποιεῖσθαί
765 2627 841 2668 τινα
874 2621 928 2684 per
964 2620 996 2667 se
1033 2600 1206 2684 significare
1244 2603 1349 2681 potest

277 2707 393 2773 bouum
423 2726 512 2773 omen
543 2727 578 2774 ex
608 2710 711 2791 aliquo
741 2711 873 2790 raptare.
924 2707 960 2771 ln
982 2707 1098 2774 litteris
1133 2707 1187 2773 δια
1220 2708 1356 2778 subesse¹

278 2815 353 2894 puto
385 2815 552 2899 vestigium
588 2814 727 2880 vocabuli
759 2816 919 2880 sententiae
949 2814 1136 2879 necessarii:
1186 2817 1348 2901 ἔσφαξαν,

269 2914 439 3003 ὄρνιθα
474 2920 582 2998 δὲξιον
615 2918 816 3005 ποιεύμενοι
850 2920 913 2987 τόν
945 2918 1037 2988 εἶλον
1068 2922 1136 2987 τῶν
1168 2914 1348 3006 Ἑλλήνων

279 3028 415 3111 πρῶτον
437 3028 492 3092 καί
516 3022 709 3093 κύλλιστον.

342 3175 343 3179 =
379 3132 457 3201 lbid.
481 3134 558 3199 191:
586 3125 716 3219 ἡμέρας
736 3127 801 3220 peip
825 3127 867 3218 δή
900 3134 1052 3220 ἐχείμαζε
1069 3147 1167 3220 τρεῖς·
1196 3135 1291 3208 τέλος
1314 3134 1350 3199 δὲ

279 3233 407 3324 ἕντομύ
430 3265 468 3306 τε
497 3242 678 3313 ποιεῦντες
705 3241 759 3306 καὶ
791 3240 1028 3316 καταείδοντες
1054 3235 1153 3329 γόησι
1176 3244 1209 3308 οἱ
1230 3232 1349 3328 Μάγοι

279 3346 324 3430 τῷ
356 3338 469 3432 οίνίμφ
644 3353 798 3415 ἔπαυσαν
829 3351 873 3437 τῇ
905 3341 1051 3438 τετάρτῃ
1082 3342 1193 3438 ἡμέρῃ
1215 3373 1243 3415 κ.
1262 3348 1296 3418 “τ,
1320 3350 1349 3415 λ.

281 3453 431 3517 Mendum
455 3470 523 3518 esse
543 3454 576 3518 in
600 3445 697 3540 γόησι
719 3456 802 3521 reeta
825 3457 863 3522 ab
885 3456 954 3522 aliis
976 3457 1168 3522 intellectum
1191 3459 1253 3530 est;
1276 3471 1350 3520 nam

280 3579 380 3642 neque
413 3558 535 3625 dativus
567 3558 766 3626 instrumenti
795 3562 835 3628 de
864 3563 1001 3646 personis
1022 3563 1079 3628 hoo
1100 3563 1165 3628 loeo
1188 3561 1261 3626 ferri
1285 3561 1351 3626 ullo

218 3687 222 3695 ¹
280 3664 373 3730 modo
394 3667 508 3747 potest,
531 3684 629 3748 neque
650 3660 751 3754 γόησι
780 3669 851 3734 aliis
880 3669 967 3754 Magi
988 3669 1166 3747 utebantur,
1186 3668 1247 3750 ipsi
1268 3691 1350 3754 γοη-

280 3763 447 3851 τεύοντες,
470 3791 569 3856 neque
592 3775 713 3840 omnino
740 3775 811 3840 aliis
839 3775 1014 3842 hominibus
1048 3775 1162 3856 praeter
1182 3773 1294 3858 Magos
1316 3773 1350 3838 in

281 3879 465 3945 incantando
487 3877 580 3946 loous'
597 3881 671 3946 erat.
706 3881 775 3947 Una
799 3881 904 3948 littera
925 3881 1046 3946 mutata
1068 3879 1264 3946 scribendum
1287 3880 1370 3959 est;·

282 3985 517 4064 καταείδοντες
547 3987 681 4074 βοῇσι
713 3992 745 4054 οἱ
767 3981 883 4074 Μύγοι
906 3988 951 4076 τῷ
974 3981 1097 4075 α’νὲμῳ.
1154 3985 1349 4052 Clamoribus

274 4091 314 4154 et
335 4091 552 4159 eiulationibus
574 4096 701 4159 ventum
722 4094 933 4175 placaverunt.
