2974 4660
609 294 772 352 Herodotus.
802 239 810 258 ι
1142 294 1182 358 25

160 495 197 556 ἐν
219 491 263 578 τῷ
287 497 322 557 αί
345 491 536 576 πυραμίδες
566 498 680 567 ἔνεισι,
707 482 808 577 οὖρος
835 487 916 559 ἄλλο
940 491 1100 580 πέτρινον
1123 493 1233 560 τείνει

160 589 293 685 ψόμμῳ
310 601 553 684 κατειλυμένον
569 625 597 665 κ.
613 625 641 664 τ.
658 600 686 663 λ.
730 601 812 680 Apte
833 599 1009 666 Herodotus
1030 601 1069 666 ab
1087 601 1227 666 orientali

160 705 249 788 parte
270 703 397 788 AEgypti
419 706 457 770 ad
491 705 713 772 occidentalem
744 705 899 782 transiens
933 706 1077 771 admonet
1105 707 1138 772 iu
1168 707 1233 772 heo

159 812 249 892 parte
278 811 451 896 pyramides
481 809 556 876 sitas
586 830 660 880 esse.
691 831 767 895 quas
789 811 896 878 statim
919 812 1092 896 legentium
1114 813 1224 878 animis

161 915 275 1001 obiicit,
297 919 483 1004 praeoipuum
516 919 547 984 et
579 919 611 984 in
644 920 793 984 lentorum
820 918 1046 1000 exspectatione
1078 919 1110 983 et
1130 917 1235 1001 ipsius

160 1024 335 1090 narratione
356 1024 458 1091 looum
481 1025 633 1090 tenentes.

261 1130 340 1197 lbid.
356 1133 413 1197 25:
437 1129 567 1208 όιεξιῶυ
591 1133 652 1218 τῆς
674 1125 813 1218 Λιβύης
835 1129 876 1200 τοί
901 1128 969 1198 ἄνω
992 1124 1011 1196 ό
1032 1127 1128 1218 ἥλιος
1146 1124 1228 1197 τόδε

143 1241 278 1304 ποιέει·
301 1233 360 1304 ἅτε
389 1231 444 1305 διαί
473 1219 605 1313 παντός
633 1241 696 1306 τοῶ
725 1226 846 1326 χρόνου
874 1238 1016 1322 αἰθρίου
1044 1264 1081 1303 τε
1114 1231 1230 1310 ἐόντος

160 1345 222 1410 τοῦ
245 1338 342 1428 ἠέρος
364 1345 424 1412 τοῶ
448 1341 533 1412 ιιάτοί
567 1347 675 1413 ταῦτα
708 1341 751 1412 τῶ
782 1346 882 1434 χωρία
914 1349 967 1413 καί
992 1339 1146 1430 α’λεεινῆς
1167 1345 1237 1430 τῆς

159 1444 268 1537 χῶριχς
296 1443 415 1538 &orions
443 1455 497 1519 καί
528 1448 663 1538 α’νέμων
689 1455 838 1540 ψυχρῶν,
869 1447 1000 1532 διεξιῶν
1027 1455 1133 1518 ποιέει
1156 1445 1242 1518 οἷόν.

85 1635 88 1640 ,
162 1582 227 1643 περ
261 1561 316 1648 καί
349 1555 387 1625 τό
420 1563 523 1644 θέρος
556 1553 662 1626 ἐώθεε
696 1565 824 1627 ποιέειν
859 1555 920 1628 ἰῶν
952 1559 990 1627 τό
1025 1561 1133 1646 μέσον
1166 1559 1229 1624 ταῶ

162 1659 313 1751 ου’ρανοῶ
336 1685 343 1702 ·
366 1667 451 1732 ἕλκει
474 1661 539 1754 χείρ
563 1659 616 1732 ἐπ’
638 1661 765 1734 ἑωυτόν
785 1666 823 1734 τό
847 1662 937 1751 ὕδωρ
961 1693 990 1732 α.
1016 1691 1045 1732 τ.
1069 1669 1098 1732 λ.
1142 1665 1237 1730 Hane·

163 1774 301 1840 oodioum
325 1771 509 1855 scripturam
530 1772 665 1839 Steinius
685 1792 781 1856 nuper
801 1774 964 1848 revocavit,
980 1774 1011 1838 et
1023 1772 1110 1855 quasi
1127 1772 1230 1836 omnia

162 1881 254 1962 plana
276 1899 311 1945 ao
332 1881 491 1963 perspicua
506 1880 618 1954 esseut,
633 1880 665 1945 in
682 1881 902 1946 commentario
919 1877 1099 1946 Germanice
1114 1879 1226 1960 scripto

162 2006 201 2052 ne
237 1988 331 2052 verbo
368 1986 493 2074 quidem
530 1985 699 2063 admonuit,
733 1976 993 2069 quemadmodum
1028 1983 1230 2068 intelligenda

164 2094 268 2158 essent
289 2093 345 2157 illa
376 2094 430 2158 uel
453 2085 590 2176 α’νέμων
611 2093 758 2180 ψυχρῶν,
783 2091 944 2174 inquibus
970 2110 1008 2156 ne
1024 2093 1090 2172 ipsa
1105 2089 1233 2173 quidem¹

163 2199 308 2264 orationis
341 2200 439 2264 forma
471 2201 608 2276 oonstat;
647 2219 746 2283 neque
780 2198 861 2265 enim
897 2197 944 2262 illi
980 2191 1135 2282 α’λεεινῆς
1168 2198 1230 2283 τῆς

164 2297 271 2392 χῶρης
292 2297 413 2392 ἐούσης
440 2308 523 2372 reete
552 2308 738 2390 adiungitur,
771 2314 807 2370 ut
834 2305 977 2371 audiatur
1007 2296 1141 2383 ἐόντων,
1164 2303 1237 2367 εἰπε

166 2413 295 2478 artionlo
317 2412 375 2478 hoo
405 2415 459 2480 uel
476 2407 612 2500 οίνέμων
629 2412 777 2500 ψυχρῶν.
821 2411 882 2478 Sed
902 2410 961 2477 hoo
982 2410 1050 2474 lere
1072 2411 1129 2484 est,
1151 2407 1228 2473 illud

164 2519 380 2602 gravissimum
405 2522 437 2584 et
459 2520 621 2600 eiusmodi,
656 2521 691 2583 ut
711 2517 901 2583 occultandae
923 2515 1086 2599 pravitatis
1113 2513 1238 2580 nullum»
1326 2539 1328 2548 .

165 2624 340 2708 perfugium
365 2625 564 2708 relinquatur,
587 2624 669 2717 quod
692 2623 871 2688 Herodotus
893 2622 1027 2704 primum
1043 2621 1074 2686 in
1090 2619 1240 2685 interiore·

168 2731 271 2796 Africa
303 2729 431 2815 frigidos
464 2733 572 2795 ventos
593 2731 709 2812 spirare
732 2730 845 2808 narrat,
877 2747 968 2810 quam
998 2725 1153 2810 regionem
1182 2744 1239 2792 oe·-

165 2835 350 2900 lidissimam
378 2836 442 2917 ipse
471 2834 583 2915 ubique
613 2834 770 2921 deseritit,
798 2832 908 2898 deinde
937 2831 994 2897 hos
1021 2834 1104 2914 ipsos
1125 2835 1239 2898 ventos-

166 2941 232 3006 vim
266 2939 338 3005 solis
370 2940 513 3004 adiurare
542 2945 574 3005 in
596 2939 766 3006 attollenda
787 2959 876 3022 aqua.
933 2940 1009 3004 Heee
1036 2958 1106 3005 oum
1132 2957 1238 3004 rerum

167 3046 286 3112 naturae
318 3065 376 3110 non
400 3047 500 3110 minus
524 3064 616 3128 quam
638 3046 786 3112 Herodoti
815 3045 977 3113 sententiar
1005 3063 1174 3128 repugnare
1196 3064 1239 3110 ae

166 3171 290 3236 prorsus
312 3151 498 3218 eontrarium
522 3152 584 3218 dioi
606 3152 716 3219 debere
731 3153 900 3236 superiores
917 3152 1047 3217 editores
1062 3150 1240 3216 intellexis·

167 3263 246 3332 sent,
267 3277 322 3342 pro
345 3260 400 3326 eei
423 3251 560 3342 α’νέμων
580 3259 779 3342 τετίματαί,
811 3259 940 3324 licenter
967 3275 1040 3324 sane
1065 3258 1232 3322 orationem

150 3341 402 3448 interpolantes:
439 3358 501 3431 οῶιι
538 3358 663 3430 ἐόντων
694 3358 832 3450 α’νίμων
864 3364 1012 3450 ψυχρῶν.
1064 3362 1105 3427 Et
1130 3363 1239 3425 tamen·

169 3473 318 3554 quantum
350 3470 415 3537 hae
448 3470 575 3537 lieentia
608 3471 712 3536 studia
742 3471 885 3555 religioni
922 3470 1057 3552 praestat,
1095 3465 1233 3531 eodieum

169 3579 351 3660 scripturam
383 3595 443 3642 non
476 3597 546 3642 eum
579 3579 651 3641 nota
683 3576 789 3640 mendi
821 3574 976 3658 retinenti,
999 3573 1052 3638 sed
1075 3574 1240 3653 tamqnam.

168 3701 276 3748 sanam
311 3685 404 3748 taoite
445 3683 587 3765 ponenti!
636 3683 694 3746 Sed
733 3688 815 3748 reeta
851 3683 907 3746 illa
942 3678 1105 3750 sententia,
1141 3696 1234 3760 quam

170 3787 304 3854 editores
326 3789 559 3871 requisiverant,
583 3787 729 3853 facillime
752 3791 784 3853 et
806 3790 976 3854 certissime
994 3784 1135 3856 allicitur,
1152 3803 1233 3848 erro·

169 3894 273 3976 risque
295 3896 378 3979 origo
401 3892 559 3976 perspicue
581 3896 716 3976 aperitur
737 3895 794 3959 hae
816 3893 1048 3958 emendatione:
1078 3883 1235 3975 ιίλεεινῇς

169 4000 231 4086 τῆς
252 3993 360 4086 χώρης
383 3996 503 4085 ἐούσης
524 3994 899 4094 ιιαί<οίνευ>ῶνέμων
920 3997 1069 4085 ψυχρῶν.
1114 3995 1239 4061 lixeidit

168 4105 346 4190 praepositio
369 4107 441 4172 ante
461 4106 644 4173 vocabulum
666 4127 684 4171 a
705 4107 803 4172 tribas
817 4105 930 4171 litteris
945 4105 1057 4170 iisdem
1071 4103 1239 4186 incipiens,
