3008 4654
614 287 719 343 Plinius
736 287 832 342 maior.
1154 285 1216 348 213

189 485 322 550 Italiae
345 488 384 550 et
404 486 575 551 maxime
598 484 786 562 Etruriae,
817 484 1119 552 t'olcam.Veiis
1148 485 1257 550 acci-

189 594 270 658 tnm
293 597 350 657 cel.
394 595 542 659 Dativnm
572 593 621 658 bie
650 611 669 656 a
698 590 798 656 Plinio
819 609 874 673 pro
896 593 1112 674 praepositione
1134 594 1179 656 ab
1203 611 1258 672 po·

190 701 294 774 situm,
314 700 482 782 praesertim
498 699 698 764 interranum
720 697 904 775 nominibus,
920 698 971 764 nix
986 699 1085 773 credo,
1100 699 1259 783 multoque

188 804 376 887 probabilius
398 806 474 870 mibi
491 805 624 883 videtur,
640 825 709 870 eum
725 807 873 888 scriptum
890 810 988 870 esset:
1010 805 1109 871 hanc
1130 810 1257 872 artem

188 914 306 995 <in>
328 912 422 979 ltalia
442 915 481 976 et
509 913 675 978 maxime
704 912 853 988 Etruria,
888 913 1133 995 praepositionem
1162 914 1256 978 inter-

189 1020 302 1085 cidisse
324 1021 449 1101 proptcr
470 1019 690 1100 praecedentem
712 1020 852 1084 litteram
875 1037 916 1096 m,
939 1023 1007 1084 tum
1030 1039 1047 1084 e
1069 1020 1206 1084 vocalem
1222 1039 1257 1084 cx

188 1125 329 1210 sequenti
350 1126 390 1189 et
410 1124 564 1191 adiectam
592 1145 668 1190 esse.

290 1243 538 1326 lbid.158sq.:
571 1244 614 1307 In
648 1244 778 1309 sacris
812 1245 970 1327 quidem
999 1243 1123 1308 etiam
1151 1243 1259 1308 inter

188 1351 259 1416 has
282 1370 375 1433 opes
397 1350 516 1414 hodie
538 1371 611 1414 non
636 1349 1259 1434 murriniscrystallinisve,sed

191 1458 403 1545 fictilibus
419 1457 648 1538 prolibatur
668 1458 854 1540 simpuio,
872 1457 1131 1522 inenarrabili
1148 1459 1259 1522 terrae

189 1564 466 1647 benignitate.
498 1563 532 1628 si
566 1563 632 1646 qni
663 1563 827 1648 singola
856 1566 1048 1639 aestimet,
1072 1565 1193 1628 etiam
1216 1568 1260 1629 nt

189 1671 438 1736 omittantur
460 1671 497 1733 in
528 1671 701 1753 frugum,
737 1671 837 1738 vini.
868 1689 1085 1752 pomorum,
1116 1672 1257 1736 herba,-

190 1797 289 1854 rnm,
321 1778 534 1850 fruticum.
567 1778 965 1852 medicamentorum,
997 1777 1257 1842 metallorum

189 1885 409 1970 generibus
441 1883 647 1950 beneficia
680 1883 767 1948 eins
801 1901 963 1966 qnaeqnc
995 1881 1122 1949 adhuc
1151 1883 1258 1949 dixi·

188 2012 281 2058 mns.
324 1991 397 2056 Vel
424 1991 673 2056 assiduitate
696 1991 853 2055 satiant
875 1989 1117 2074 figlinarum
1140 2009 1260 2073 opera

189 2098 434 2164 imbricibus
456 2099 501 2163 ad
523 2101 634 2163 tecta
657 2096 898 2176 coctilibus,
924 2098 1147 2163 laterculis
1169 2099 1257 2162 l'nn-

189 2205 475 2288 (lamentisque
496 2207 581 2279 ant,
598 2223 680 2287 quae
702 2208 791 2270 rota
812 2205 937 2282 liunt,
953 2206 1079 2271 doliis
1102 2204 1146 2269 ad
1166 2204 1260 2270 vina

189 2312 439 2397 excogitatis
461 2314 520 2376 cet.
579 2311 752 2377 Turbatam
773 2310 825 2377 hic
847 2311 963 2396 aliquid
985 2331 1053 2377 esse
1079 2311 1186 2377 multis
1208 2313 1259 2377 in-

190 2419 280 2485 diciis
296 2419 545 2500 deprehenditur.
582 2417 722 2482 Primum
740 2417 818 2481 enirn
836 2416 972 2482 ablativo
987 2416 1044 2494 illi,
1060 2437 1121 2501 quo
1137 2418 1259 2484 Plinius

190 2528 222 2591 et
243 2527 369 2590 Tacitus
391 2525 595 2608 epiphonema
616 2522 742 2606 aliquod
763 2527 818 2588 ant
841 2522 988 2588 indicium
1015 2524 1197 2608 adiungunt,
1220 2525 1258 2589 de

190 2652 250 2716 quo
274 2631 337 2696 dixi
359 2629 440 2695 Adr.
463 2632 538 2696 crit.
561 2631 589 2696 Il
612 2652 641 2714 p.
659 2631 730 2704 526,
753 2629 802 2695 hic
824 2630 927 2694 nullus
950 2629 1072 2695 omnino
1094 2629 1178 2696 locus
1201 2634 1257 2704 est,

191 2739 333 2822 quoniam
368 2756 467 2820 neque
499 2738 552 2802 nni
585 2742 617 2803 et
649 2739 764 2820 exignae
801 2737 854 2812 rei,
882 2735 1028 2801 fictilium
1060 2757 1201 2802 vasorum
1224 2737 1258 2802 in

190 2845 387 2921 senisenni,
421 2845 477 2910 boc
508 2843 547 2908 ds
579 2843 723 2908 omnibus
755 2846 847 2908 teron
874 2843 1032 2908 benefieiis
1055 2843 1258 2925 epiphonema

190 2950 414 3017 accommodari
436 2953 550 3032 potest,
573 2953 606 3015 et
629 2949 697 3032 ipsa
718 2949 810 3015 hnins
839 2949 1084 3030 epiphonematis
1106 2948 1259 3016 sententia

190 3059 337 3124 evertitur
369 3061 402 3122 et
432 3057 554 3122 tollitur
583 3058 727 3123 adiuncta
749 3056 804 3122 illc
824 3055 1036 3123 concessione:
1071 3054 1194 3122 ctiam
1216 3059 1260 3121 nt

190 3164 440 3229 omittantur
461 3166 520 3228 cet
558 3162 676 3228 Deinde
701 3181 747 3242 ea,
763 3182 831 3247 qna
845 3165 1016 3246 sequnntur
1030 3163 1067 3228 de
1081 3161 1257 3247 figlinarum

191 3272 345 3353 operibns,
379 3270 466 3334 nullo
502 3288 624 3353 prorsus
656 3288 732 3335 nexu
765 3289 834 3336 curn
867 3267 1109 3351 praecedentibus
1132 3271 1259 3333 conion-

190 3378 324 3462 guntnr;
347 3378 504 3441 ettamen
526 3377 594 3458 ipsa
614 3377 765 3457 particula
789 3377 852 3444 vol
874 3377 1019 3454 ostendit,
1042 3375 1080 3440 ad
1104 3375 1168 3440 baee
1190 3393 1259 3456 per·

192 3483 290 3548 tinere
312 3482 500 3565 superiorem
522 3481 609 3546 illam
631 3485 867 3548 concessionem.
896 3483 1055 3547 Postremo
1070 3500 1108 3546 ne
1123 3480 1258 3564 speciem

191 3588 317 3672 quidem
341 3590 503 3654 sententia
523 3587 618 3679 habet
639 3588 767 3652 verbnm
789 3589 946 3653 satiant
973 3589 1039 3651 sine
1060 3587 1181 3653 obiecto
1203 3605 1258 3669 po·

191 3697 288 3762 sitnm
309 3700 365 3761 ant
385 3695 637 3760 assiduitate
658 3694 825 3760 satiant.
853 3693 901 3760 Ad
922 3713 1027 3760 rernm
1045 3691 1257 3759 inveniendum

191 3807 284 3868 tenne
306 3803 426 3868 accedit
446 3820 503 3865 nee
531 3803 636 3866 tamen
665 3799 924 3866 contemnendum
941 3799 1102 3878 indicium,
1125 3800 1205 3883 qnod
1226 3800 1258 3864 in

191 3910 293 3976 codice
309 3910 426 3991 optimo
443 3905 659 3990 Bambergcnsi
681 3906 826 3971 scribitur
846 3907 1091 3980 inerrabile,
1113 3904 1259 3971 mendose

190 4035 274 4093 sane,
296 4015 350 4080 sed
373 4016 409 4078 nt
429 4012 509 4078 alins
530 4031 629 4086 emus,
651 4031 710 4078 non
733 4011 897 4116 ablativps,
920 4011 1085 4095 significari
1107 4009 1259 4076 videatur.

195 4121 344 4186 Universa
366 4121 424 4184 loci
448 4120 545 4184 forma
573 4117 746 4184 certissime
773 4117 818 4183 sic
839 4115 1029 4184 restituitur:
1060 4117 1102 4183 Io
1132 4117 1267 4183 saeris
