2974 4660
635 286 793 340 Athenaeus.
1167 289 1206 350 55

173 489 256 552 time
286 504 321 550 cx
352 503 399 562 eo,
432 481 512 567 quod
547 484 595 548 est
628 477 744 560 λεπάς,
780 481 887 548 fiotum
922 483 998 549 ulihi
1034 503 1095 549 non
1130 485 1250 551 videtur

174 593 323 677 'repetiuit

278 753 313 816 P.
325 750 383 813 138
396 767 429 814 e:
446 741 751 834 Πολὲμωυιλέντφ]
765 741 857 832 παριί
871 747 1066 830 Ξενοφῶντι
1084 743 1246 836 κανάθρῳ

176 860 241 925 τοὺ
262 849 354 940 τιαροί
379 849 518 922 Λοίκωσι
549 856 760 940 καλουμένου
783 853 1088 930 ιλείτινουκοττίιλος
1108 881 1247 941 μνημο-

171 949 322 1031 νεύοντα
346 964 522 1046 Κρατῖνον
544 967 581 1028 ἐν
602 955 775 1036 Πλούτοις
797 964 906 1048 λέγειν
929 987 955 1028 κ.
980 987 1009 1026 τ.
1033 964 1061 1028 λ.
1117 963 1185 1027 Non
1211 969 1246 1029 ἐν

176 1073 222 1160 opi
247 1063 408 1156 κανάθρῳ
431 1069 488 1135 hoc
509 1069 628 1134 dixerat
649 1068 784 1147 Polemo,
817 1068 872 1133 sed
905 1074 941 1133 ἐν
974 1069 1019 1154 τῷ
1052 1072 1150 1152 περὶ
1173 1071 1247 1135 cori

178 1173 271 1262 παρολ
304 1173 501 1260 Ξενοφῶντι
539 1169 782 1258 κονοίθρου,
820 1175 877 1240 hoo
909 1176 966 1254 est,
1004 1176 1035 1238 in
1068 1175 1174 1241 libello
1207 1175 1245 1239 ds

171 1287 323 1354 canethro
350 1281 580 1366 Xenophonteo,
613 1281 873 1364 quemadmodum
900 1282 946 1346 Ill
975 1283 1106 1362 psol
1132 1284 1246 1348 citetur

176 1392 333 1464 Καλλίας
355 1396 393 1456 ἐν
415 1389 459 1474 τῷ
481 1389 560 1473 περὶ
583 1390 643 1472 τῆς
665 1381 745 1472 παρ’
767 1381 915 1474 Ἀλκαίῳ
939 1385 1086 1462 λεττοίδος
1109 1393 1141 1455 et
1162 1389 1192 1454 X
1212 1408 1243 1472 p.

175 1501 237 1562 451
260 1499 281 1563 d
307 1490 541 1570 Ἀπολλώνιος
562 1489 581 1561 o‘
602 1490 738 1570 Ῥόιλιος
761 1501 797 1559 ἐν
819 1496 863 1580 τῷ
886 1496 964 1578 περί
992 1488 1191 1582 Ἀρχιλόχου
1213 1497 1246 1560 et

169 1605 251 1671 alibi
267 1605 393 1670 Polemo
409 1611 444 1668 ἐν
460 1605 622 1687 τοῖςπερὶ
635 1594 852 1686 οἷκροττόλεως
868 1603 899 1665 et
914 1601 974 1665 alia
990 1601 1115 1668 similia.
1150 1600 1243 1666 Pleno

172 1712 290 1778 dicitur
307 1711 366 1784 111,
389 1709 429 1774 85
446 1729 479 1774 e:
501 1701 754 1795 Ἀριστοφάνης
769 1712 806 1774 ἐν
821 1709 866 1794 τῷ
881 1710 959 1792 περὶ
976 1709 1037 1793 τῆς
1052 1701 1244 1794 α’χνυμὲνης

176 1812 342 1902 σκυτάλης
365 1811 618 1902 συγγράμματι.
667 1814 781 1880 Oculus
809 1815 927 1880 librarii
949 1815 1103 1882 aberravit
1123 1834 1142 1881 a
1165 1817 1243 1899 περί

172 1926 215 1990 ed
237 1921 342 2009 παροί.
387 1923 452 2006 [Sic
473 1925 537 1989 ium
560 1923 769 1989 Casouhonus.
813 1922 917 2005 Longe
947 1921 1039 1986 aliter
1065 1922 1177 1989 dicitur
1207 1929 1243 1988 ἐν

165 2033 217 2120 τῇ
250 2025 525 2115 Ἐρατοσθένους
552 2024 724 2113 ἐπιδημίᾳ,
758 2045 826 2110 quse
854 2029 922 2110 ipsa
953 2028 1112 2110 inscriptio
1141 2030 1190 2094 est
1210 2031 1241 2094 in

170 2137 267 2202 hreve
289 2141 469 2217 contracte]

275 2301 310 2364 Ρ.
328 2301 387 2363 141
403 2321 421 2365 a
437 2303 480 2376 (in
496 2301 596 2366 verbis
613 2297 776 2376 Nicoclisl:
800 2304 868 2366 ἔστι
887 2300 919 2364 ol
938 2298 979 2364 τιί
996 2303 1060 2382 μὲν
1077 2293 1240 2382 κσίμματα

167 2402 312 2484 -ευοιστοί,
346 2413 379 2472 αι’
414 2407 447 2472 δὲ
480 2407 692 2490 καμματίδες
729 2403 782 2479 αἷς
820 2399 986 2472 κοίπτουσι
1024 2403 1065 2472 τίί
1103 2403 1241 2484 mucore.

170 2513 266 2578 Foliis
288 2513 400 2578 laureis
423 2533 482 2578 non
507 2513 722 2600 deglutiebant
743 2514 854 2588 crusta,
878 2512 934 2578 sed
955 2514 1133 2595 operiebant
1154 2519 1241 2589 (σκί-

170 2644 273 2686 πουσι
298 2621 468 2705 Hesychius
490 2620 585 2686 habet
608 2637 634 2683 r.
658 2613 822 2703 κάμματα
854 2618 963 2684 eodem
993 2617 1127 2684 Nicoclis
1148 2621 1240 2686 testi·

164 2725 272 2790 nnouio
305 2729 422 2805 utens);
456 2726 651 2792 scribendum
685 2726 781 2810 igitur
813 2722 866 2798 οἷς
895 2722 1168 2792 καλύπτουσι
1197 2721 1237 2790 soi

169 2827 353 2910 ψαιστιί.*)
1127 2847 1132 2856 “

270 2997 305 3063 Ρ.
325 2997 384 3060 146
407 2999 421 3061 f
440 2995 505 3064 haeo
527 2997 684 3080 leguntur:
710 2991 887 3072 Φιλόξενος
909 2989 938 3062 δ’
960 2990 978 3064 ὁ
1001 2992 1182 3084 Κυθήριος
1202 3004 1239 3064 ἐν

160 3131 215 3191 τφ
239 3108 498 3191 ἐπιγραφομένῳ
518 3104 666 3190 Δείπνῳ,
691 3106 786 3189 εἴπερ
810 3096 935 3171 τούτου
958 3105 1013 3171 καὶ
1029 3098 1048 3171 ὁ
1064 3107 1237 3192 κωμῳδιο-

165 3204 268 3283 ετοιός
304 3205 454 3278 Πλάτων
491 3215 526 3276 ἐν
562 3210 607 3297 τῷ
645 3205 757 3278 Φιίοινι
788 3203 962 3297 ἐμνήσθη,
1001 3212 1055 3277 καί
1091 3207 1141 3297 μη
1176 3215 1236 3281 τοι]

162 3314 365 3385 Λευκαδίου
392 3319 583 3394 Φιλοξένου,
612 3311 776 3403 τοιαύτην
808 3320 982 3386 ἐκτίθεται
1016 3315 1237 3405 παρασκευήν

169 3423 321 3491 δείπνου.
365 3423 443 3488 Cum
465 3423 627 3488 Philoxeni
649 3411 984 3510 sycherii'tesrimonio
1007 3445 1043 3491 ex
1059 3432 1142 3492 certo
1158 3428 1235 3492 libro

161 3532 225 3618 (τῷ
248 3531 397 3615 Δείπνῳ)
420 3529 601 3612 deprompto
634 3529 712 3594 nihil
744 3532 866 3597 omnino
900 3532 1054 3597 coniuncti
1075 3531 1169 3596 hehet
1191 3551 1234 3604 ee.

162 3635 426 3719 cusentinum,
442 3635 605 3710 dubitatio,
621 3638 726 3701 utrum
739 3637 819 3702 hune
831 3635 1034 3704 Philoxenum
1047 3656 1083 3700 err
1101 3636 1234 3702 alterum

167 3743 258 3808 Pluto
275 3741 409 3808 comicus
426 3741 637 3818 nominaverit
660 3743 845 3826 omninoque
860 3742 925 3808 haec
940 3741 1050 3808 febulae
1067 3741 1233 3809 Pletonicae

167 3850 283 3913 mentio
312 3867 436 3932 prorsus
465 3847 616 3914 inutiliter
650 3850 682 3914 et
713 3867 853 3931 perverse
884 3848 1099 3930 interponitur.
1153 3849 1235 3914 illud

220 4115 247 4183 *l
266 4116 296 4173 P.
315 4116 367 4172 145
384 4115 398 4170 f
414 4133 466 4174 scr.
485 4110 518 4174 οὗ
537 4117 575 4190 δὴ
594 4119 645 4182 εἰς
663 4114 817 4182 ἅπαντας
835 4133 885 4187 pro
905 4109 938 4173 οίι
959 4119 1028 4173 ἰδεῖν
1047 4116 1167 4174 ἅπαντα.
