3008 4654
633 304 754 362 Tacitus.
1126 305 1187 396 227

161 517 234 583 quc
269 501 436 569 Dianam
474 506 544 569 aut
577 503 811 585 Apollinem
847 503 1080 571 venerandi.
1135 503 1262 570 Paulo*

162 607 277 685 durius,
300 609 354 674 sod
375 625 502 690 prorsus
524 629 540 675 e
562 608 664 676 Taciti
686 627 771 674 more
799 609 1022 676 venerandi
1052 609 1236 696 adiungitur

160 712 200 778 ad
221 732 377 794 nomen;
399 715 491 782 atteri
512 735 626 783 nomen
654 716 788 783 Dianam
815 715 990 796 venerandi,
1018 715 1110 782 alteri
1132 717 1232 800 Apot-

160 820 255 886 linem
275 822 455 905 sequuntur.

262 927 499 1007 lbiu.1v‚33:
533 927 626 994 Nam
649 931 816 995 cunctas
839 927 1029 994 nationes
1050 932 1091 995 et
1111 930 1233 995 urbes

160 1035 331 1118 populus
362 1034 432 1100 ant
462 1034 665 1117 primores
696 1038 765 1101 aut
797 1033 954 1119 singuli
975 1037 1137 1120 regunt3
1161 1034 1235 1102 de-

161 1142 269 1207 lecta
302 1159 344 1206 ex
377 1139 430 1206 iis
463 1141 503 1205 et
539 1142 774 1208 consociata
810 1143 870 1208 rei
899 1140 1072 1226 publicae
1104 1143 1235 1208 forma

161 1246 322 1313 laudari
355 1245 525 1312 facilius
560 1267 673 1332 quam
705 1248 886 1324 evenire,
920 1248 983 1313 vot
1015 1248 1047 1313 si
1078 1249 1234 1329 evenit,

161 1352 265 1419 haud
298 1351 496 1419 diuturna
529 1373 616 1421 aesc
649 1361 794 1439 potest.
826 1356 961 1437 ‘Aperte
988 1355 1070 1420 inter
1091 1373 1125 1420 ae
1146 1373 1233 1421 com·

163 1463 310 1545 parantur
339 1477 375 1524 ox
404 1458 502 1525 altera
531 1465 617 1544 parto
647 1461 772 1546 optinrae
799 1460 844 1525 rei
873 1459 1003 1541 publicae
1025 1459 1172 1539 laudatio,
1195 1480 1233 1527 ex

162 1568 259 1633 altera
282 1583 388 1650 reapse
411 1567 533 1632 effectio
555 1573 588 1634 et
609 1567 809 1633 conservatio.
861 1567 972 1650 Itaque
994 1587 1055 1632 nna
1077 1567 1235 1634 sententia

162 1674 248 1740 aiens
270 1673 337 1739 haec
358 1673 422 1738 cst:
445 1691 559 1756 quem
588 1672 752 1739 evenire
784 1671 862 1750 rat,
894 1674 928 1737 ei
958 1673 1110 1764 creuit,
1141 1674 1232 1740 diu·

161 1783 281 1846 turna
302 1798 390 1846 ease
413 1783 558 1864 potest.
602 1779 710 1864 Neque
731 1779 790 1846 hoc
811 1777 944 1845 alterum
966 1780 1004 1843 dc
1027 1779 1233 1846 diuturnitate

162 1885 351 1970 exceptionis
379 1887 447 1952 looo
468 1887 609 1971 negando
633 1885 758 1969 adiungi
781 1884 973 1953 demonstrat
995 1888 1026 1951 et
1049 1886 1110 1951 rel
1131 1886 1233 1969 parti·

162 1995 233 2059 cula
255 1999 287 2058 et
308 1992 502 2076 apertissimo
524 1992 625 2058 omnis
653 1993 808 2058 sententia
835 2011 897 2057 uno
926 1993 1018 2058 verbo
1041 1995 1232 2076 potentin
1275 2038 1278 2044 ·

163 2101 334 2166 extremum
370 2099 472 2166 locum
508 2099 623 2164 reiecto
656 2097 809 2164 conclusa.
867 2100 1000 2184 Negatio
1023 2100 1154 2166 ,adiecta
1186 2103 1236 2167 est

163 2205 310 2272 orationis
331 2205 430 2271 forma
451 2225 509 2271 uon
531 2205 700 2272 intellectu.

263 2324 343 2391 Ibid.
377 2325 537 2407 deinceps:
569 2323 703 2408 Igitur
735 2331 777 2388 ut
809 2325 904 2389 olim
938 2325 1056 2408 plebe
1078 2326 1232 2405 valida,

163 2433 226 2498 vel
261 2450 345 2498 oum
378 2433 517 2514 patros
550 2431 772 2514 pollerent,
800 2431 1136 2513 noscendavulgi
1160 2451 1229 2497 na-

162 2539 253 2603 tura
276 2584 419 2615 ......
442 2539 692 2619 senatusque
714 2539 754 2601 ot
775 2537 1037 2619 optimatium
1068 2538 1231 2623 ingenia

164 2644 231 2726 qui
254 2645 420 2710 marimo
442 2643 766 2728 perdidicorant,
789 2642 933 2708 callidi
956 2646 1177 2727 temporum
1199 2690 1233 2706 ..

163 2751 452 2826 credebantur,
484 2752 542 2816 eic
568 2765 761 2814 converso
783 2750 895 2815 statu
917 2768 1045 2833 neque
1066 2749 1148 2815 alia
1168 2769 1232 2814 re-

164 2876 264 2939 rum,
304 2877 417 2942 quam
453 2859 485 2922 si
522 2875 620 2922 unns
657 2856 887 2940 imperitet,
930 2857 1011 2922 hnc
1047 2855 1232 2939 conquiri

164 2963 358 3049 tradique
379 2964 419 3030 in
442 2983 521 3030 rom
544 2963 672 3029 fuerit
693 2963 751 3027 oet
796 2961 847 3027 Sic
870 2963 964 3028 codex
986 2963 1145 3029 Medianas
1166 2963 1232 3028 hacc

163 3073 321 3153 postrema
335 3076 474 3154 arrupte
489 3070 603 3155 scripta
617 3068 721 3147 hebet,
744 3067 776 3132 in
792 3069 903 3151 quibus
919 3069 992 3153 quin
1009 3068 1133 3152 Lipsius
1150 3070 1234 3136 recto

163 3194 218 3260 pro
240 3196 368 3244 rernm
392 3177 566 3244 restituerit
587 3196 625 3241 re
652 3177 841 3255 Romana,
864 3195 962 3261 neque
985 3178 1048 3244 iero
1071 3176 1233 3260 quisquam

165 3283 321 3350 dubitauit
342 3302 441 3368 noque
463 3283 599 3350 dubitari
622 3285 731 3366 potest.
789 3283 967 3350 Desiderari
988 3285 1092 3349 tanuen
1114 3282 1232 3365 aliquid

164 3390 204 3455 ad
227 3389 388 3457 sentcntiae
410 3398 441 3456 ct
462 3391 606 3456 orationis
628 3389 840 3474 integritatem
857 3390 1054 3455 menifestum
1074 3391 1137 3463 ost;
1161 3407 1232 3452 uam

165 3515 264 3580 neque
297 3497 407 3562 Latino
440 3497 569 3564 dicitnr:
610 3494 691 3561 Nou
729 3495 811 3560 alia
847 3498 908 3561 est
943 3513 1006 3559 ros
1043 3494 1231 3573 Romana,

165 3621 282 3686 quam
316 3605 349 3668 si
387 3621 487 3670 uuus
521 3601 735 3686 imperitet
767 3620 822 3684 pro
855 3620 899 3678 ao,
933 3600 1014 3684 qnod
1047 3601 1112 3666 est:
1149 3599 1233 3665 Non

164 3710 289 3775 aliter
321 3712 430 3776 stare
463 3710 616 3792 potest,
647 3725 759 3792 quam
787 3709 819 3773 si
843 3744 893 3785 -,
915 3726 1014 3790 neque
1036 3708 1117 3772 recte
1138 3706 1234 3771 habet

164 3817 231 3882 hacc
252 3816 381 3883 ablativi
403 3816 537 3881 absoluti
558 3816 676 3881 forma:
701 3833 775 3880 non
806 3813 888 3879 alia
908 3832 947 3878 re
968 3812 1142 3878 Romana
1163 3814 1231 3888 cet,

165 3944 232 4007 quae
254 3924 281 3989 si
303 3943 376 3990 sana
397 3923 488 3998 essct,
519 3941 578 3988 non
607 3920 746 3987 condicio
774 3920 999 4005 significaretur
1020 3914 1233 3985 rei'Romanae

164 4028 343 4106 retinendae,
368 4029 422 4094 sed
445 4049 511 4094 eam
536 4028 666 4094 candem
688 4028 800 4094 habero
821 4028 898 4104 uim,
918 4045 953 4091 ac
973 4025 1000 4090 si
1016 4025 1232 4107 nnusimperi·

163 4136 256 4202 tarot.
291 4134 412 4202 Excidit
431 4135 549 4219 aliquid
563 4141 635 4202 auto
657 4153 696 4200 ro
719 4136 891 4200 Romana
912 4134 1039 4217 proptor
1058 4132 1231 4197 litterarum

980 4247 1032 4304 15·
