2974 4660
590 314 702 370 Homeri
719 316 795 370 Iliae.
1162 321 1182 381 3

157 525 260 576 eorum
283 505 411 594 ignarus
433 511 497 593 ipse
519 531 692 594 posueram,
720 507 833 578 saltem
862 513 893 579 in
920 515 1059 599 margine
1086 533 1229 581 comme·

155 615 282 688 moravi,
306 617 342 681 ut
362 622 394 680 et
414 617 530 684 veritas
557 636 706 684 consensu
734 619 918 694 firmaretur,
946 620 1103 686 interdum
1130 639 1227 702 argu-

156 722 271 786 mentis
294 723 505 805 explicaretur,
537 729 568 789 et
588 724 825 809 intelligeretur,
848 745 940 815 quam
963 727 1064 794 multa
1085 727 1163 792 bene
1185 727 1224 793 ab

156 826 365 909 superioribus
395 827 460 894 illis
487 829 704 896 administrata
729 833 914 899 recentiores
947 832 1160 918 neglexissent·
1188 853 1228 899 ac

157 951 194 998 ne
227 933 450 1018 significassent
482 937 616 1018 quidem
666 938 713 1003 De
743 937 812 1021 ipsa
846 943 922 1013 arte,
947 959 1014 1023 quae
1040 941 1141 1006 totum
1165 941 1230 1006 hoc

155 1057 253 1124 genus
284 1039 399 1108 critica
432 1045 660 1128 complectitur,
694 1045 731 1110 de
764 1045 885 1111 mendis
918 1050 1002 1112 carta
1036 1047 1153 1112 ratione
1179 1047 1228 1110 ita·

156 1146 381 1223 convincendis,
404 1151 440 1214 ut
454 1149 530 1215 nihil
545 1152 738 1225 attrectetur,
755 1151 836 1234 quod
851 1151 981 1234 scriptor
994 1151 1060 1234 ipse
1076 1153 1225 1236 posuerit,

155 1253 280 1320 etiamsi
312 1255 544 1337 reprehensione
577 1275 637 1323 non
667 1259 777 1332 careat,
809 1258 847 1322 de
876 1257 1015 1343 vestigiis
1039 1259 1227 1325 oblitteratis

155 1360 297 1427 eruendis
320 1362 353 1426 et
373 1362 555 1445 aperiendis,
578 1364 615 1429 de
634 1364 732 1446 ipsius
751 1384 829 1430 verae
844 1365 1006 1447 scripturae
1020 1364 1224 1447 exquisitione

155 1467 193 1534 ad
216 1486 322 1533 omnes
343 1470 505 1534 sententiae
527 1472 559 1534 et
581 1471 728 1536 orationis
749 1476 837 1536 notas
858 1470 1028 1554 dirigenda,
1053 1471 1131 1535 nihil
1164 1474 1224 1548 est,

157 1573 234 1657 quod
267 1593 348 1639 nuuc
378 1575 417 1641 iis
450 1575 571 1650 addam,
603 1595 670 1659 quae
699 1578 729 1641 in
763 1576 1016 1643 Adversaricrum
1039 1578 1246 1643 (triticorum,

156 1683 254 1767 primo
287 1684 365 1751 libro
399 1682 531 1766 exposui,
564 1701 621 1748 nec
653 1683 741 1749 lubet
774 1683 824 1749 hic
861 1685 1003 1766 conqueri
1040 1685 1078 1748 de
1115 1702 1220 1749 eorum

155 1791 362 1866 immodestia,
385 1789 440 1872 qui
460 1807 560 1872 neque
582 1791 734 1854 sermonis
749 1791 868 1873 antiqui
882 1791 1012 1856 scientia
1026 1809 1062 1855 ac
1075 1791 1223 1856 facultate

155 1898 253 1964 multa
275 1899 394 1962 attente
416 1895 546 1980 legendo
570 1897 747 1979 comparata
766 1915 862 1979 neque
878 1896 989 1963 iudicio
1006 1896 1226 1964 exercitatione

140 2004 282 2068 ¹subacto
305 2023 364 2068 uon
385 2003 487 2069 minus
509 2004 618 2068 leviter
639 2021 714 2068 sana
735 2009 767 2068 et
783 2007 868 2068 recta
884 2003 1083 2069 coniectando
1099 2022 1222 2086 perrer-

155 2111 228 2174 tunt
261 2128 353 2192 quum
383 2110 496 2175 vitiosa
525 2109 710 2187 defendunt;
742 2111 875 2188 tanturn,
897 2114 934 2173 ut
961 2109 1039 2174 mihi
1067 2110 1224 2175 interdum

156 2218 286 2298 exempli
309 2234 400 2282 causa
422 2217 599 2282 huiusmodi
622 2216 764 2299 quaedam
796 2221 902 2298 aperte
929 2216 1050 2282 notanti
1075 2235 1111 2283 ac
1136 2234 1225 2300 paene

154 2321 358 2388 subirascenti
380 2323 566 2406 ignoscatur,
595 2340 708 2405 precor,
737 2340 804 2405 quae
836 2323 925 2388 venia
946 2324 1078 2389 fortasse
1100 2321 1223 2388 facilius
1337 2333 1340 2340 ’

155 2427 232 2493 mihi
266 2430 404 2502 dabitur,
439 2430 465 2494 si
497 2428 644 2494 addidero
678 2427 843 2493 ridiculum
873 2447 923 2493 me
957 2429 1113 2495 interdum
1147 2429 1223 2494 mihi

153 2534 258 2616 ipsum
290 2534 402 2615 rideri,
436 2534 488 2618 qui
518 2552 612 2616 prope
645 2533 858 2618 octogenarius
891 2533 948 2599 has
980 2534 1158 2599 mendorum
1192 2539 1227 2600 et

154 2642 397 2707 coniecturarum
421 2641 570 2705 minutias
592 2659 706 2704 curem.

605 2923 727 3002 Liber
748 2926 775 2999 Ι.

498 3057 735 3126 Emendationes
758 3057 881 3125 Graecae.

626 3226 676 3291 (la
704 3227 760 3292 .Ι.

320 3346 431 3402 Homeri
450 3347 525 3402 ilias·
562 3247 706 3418 Sophoclis
726 3347 804 3402 Aiax.
840 3346 981 3417 Euripidis
999 3347 1058 3402 Ion.

256 3497 365 3562 Audax
380 3497 497 3564 facinus
513 3499 684 3583 aggredior.
717 3500 752 3563 ln
776 3499 895 3565 duobus
918 3500 999 3563 enim
1015 3497 1121 3563 Iliadis
1136 3497 1224 3573 locis,

155 3621 232 3684 quos
254 3607 373 3669 constat
395 3604 514 3687 aliquot
535 3605 784 3671 antechristum
807 3606 914 3671 uatum
938 3604 1067 3681 saeculis,
1089 3604 1222 3668 altemm

156 3707 249 3772 etiarn
282 3710 431 3775 Herodoti
464 3712 564 3785 aetate,
598 3713 706 3778 eodem
738 3713 829 3778 modo
863 3713 992 3793 scriptos
1025 3710 1129 3783 luisse,
1164 3728 1225 3792 quo

155 3831 237 3879 nunc
258 3815 288 3879 iu
311 3817 468 3884 codicibus
491 3819 523 3882 et
545 3818 734 3911 editionibus
756 3819 942 3897 scribuntur,
964 3819 1064 3901 poetae
1085 3819 1222 3880 mentem

155 3909 401 4006 sententiamque
434 3923 652 4007 antiquissimo
685 3944 785 3990 errore
817 3926 1011 3990 obscuratam
1040 3941 1107 3988 esse
1132 3940 1222 3986 mon·
1338 3935 1340 3938 ·

155 4029 254 4092 strare
287 4031 425 4096 conabor.
479 4031 583 4095 Minus
616 4031 730 4107 tamen,
764 4033 800 4096 ut
828 4033 942 4113 opinor,
965 4029 1150 4095 temeritatis
1172 4044 1223 4092 res

153 4135 266 4200 hahere
299 4136 463 4215 videbitur,
496 4136 523 4200 si
552 4135 621 4217 quis
642 4136 809 4219 prudenter
838 4136 1084 4213 consideraverit,
1113 4152 1222 4216 quem·

988 4243 1019 4304 1*
