3012 4652
275 251 338 316 204
468 253 530 309 uro.
546 254 583 310 11.
603 255 669 324 cap„
686 255 735 309 nn
772 253 912 312 numus
929 255 1063 326 speum

234 469 309 517 nou
343 452 443 531 crit,
479 455 521 518 at
551 454 589 518 iu
622 452 758 518 Asiam
795 471 937 520 censeo
971 452 1304 538 persequendum.

236 557 352 624 Nihil
373 559 473 624 mibi
495 560 651 626 rideris
673 558 746 625 boc
765 562 945 642 tempore
966 551 1112 626 melius
1129 561 1307 626 acturus.

683 894 770 977 (lap.
792 893 855 962 IV.

237 1059 379 1120 Cornelius
396 1061 499 1133 Nepos
528 1063 633 1119 Seneca
651 1061 842 1134 Philosophus.
869 1063 974 1118 Plinius
992 1064 1087 1120 maior.
1116 1063 1306 1132 Quintilianus

661 1155 768 1211 Plinius
786 1157 881 1211 minor.

622 1329 788 1397 Cornelius
809 1330 922 1416 Nepos.

342 1496 459 1564 cinon.
478 1501 514 1564 4:
534 1499 626 1564 luit
647 1499 750 1564 euim
772 1501 887 1564 tanta
908 1499 1172 1566 liberalitate
1194 1546 1201 1562 .
1225 1546 1233 1562 .
1256 1545 1265 1564 .
1287 1545 1306 1578 .‚

238 1608 280 1672 ut
301 1624 515 1689 numquam
537 1604 578 1671 in
605 1604 822 1687 iis(praediis)
838 1607 1046 1672 custodem
1062 1607 1306 1690 imposuerit

238 1714 398 1779 fructus
431 1712 622 1778 servandi
653 1713 804 1796 gratia,
835 1730 879 1776 ue
908 1712 999 1795 quis
1020 1713 1303 1796 impediretur,

240 1837 314 1904 quo
347 1821 476 1885 miuus
510 1818 597 1884 eius
628 1819 765 1894 rebus,
799 1818 943 1902 quibus
966 1820 1137 1903 quisque
1159 1820 1306 1899 vellet,

239 1927 455 1995 frueretur.
506 1925 706 1992 Scribeudum
729 1926 797 1992 siue
819 1926 885 1990 ulla
907 1924 1117 1993 dubitatione:
1142 1946 1217 2012 quo
1239 1927 1308 1992 mi·

241 2051 312 2098 uus
335 2033 537 2108 eiuscius,
567 2033 711 2115 quibus
735 2032 906 2116 quisque
928 2033 1074 2112 vellet,
1103 2033 1306 2100 frueretur.

341 2173 431 2240 Dion.
455 2174 474 2237 9
497 2175 550 2251 (do
579 2173 678 2238 Dione
707 2175 738 2238 iu
769 2173 908 2240 cubiculo
938 2193 957 2240 e
986 2175 1153 2241 coniuratis
1175 2177 1307 2252 occiso):

241 2280 416 2364 Namque
439 2279 506 2345 illi
529 2280 611 2362 ipsi
633 2280 844 2358 custodes,
867 2281 901 2345 si
921 2283 1107 2364 prompta
1128 2281 1309 2347 luissent

240 2386 472 2466 voluntate,
500 2387 660 2453 foribus
687 2381 878 2453 e'ffrs'ctis
900 2406 1062 2453 servare
1084 2408 1167 2454 eum
1189 2389 1306 2471 potu·

241 2493 374 2560 issent
388 2496 445 2560 cet.
468 2492 577 2559 Meudi
599 2495 713 2578 aliquid
736 2493 856 2559 esseio
879 2493 1112 2576 pronominibus
1134 2495 1204 2559 illi
1224 2493 1307 2578 ipsi

241 2601 331 2668 facile
363 2602 500 2684 apparet,
530 2599 672 2684 qnoniam
702 2602 787 2666 uulla
816 2602 938 2665 omuino
968 2602 1124 2684 praeoessit
1144 2593 1306 2667 custodum

242 2708 373 2785 mentio,
409 2725 509 2791 neque
545 2706 681 2788 pravitas
716 2706 838 2773 tollitur
874 2707 976 2773 deleto
1007 2727 1069 2774 uuo
1101 2707 1188 2787 illi,
1225 2707 1307 2791 quod

244 2814 386 2880 Halmius
409 2813 579 2879 tollendum
602 2813 775 2896 suspicatus
799 2818 855 2892 est,
878 2814 971 2881 simul
1001 2814 1133 2898 ipsius
1162 2815 1307 2880 scribens.

242 2920 483 2999 Videtorlatere
505 2919 692 2986 adiectivum
714 2921 829 3004 gentile
852 2921 995 2987 barbaros
1014 2922 1144 3004 corporis
1166 2921 1309 2986 custodes

243 3029 473 3101 demonstraus:
497 3046 515 3090 a
538 3026 652 3091 litteris
674 3045 732 3090 noo
747 3029 878 3093 multum
896 3026 1026 3093 discedit
1040 3026 1173 3110 Illyrici.
1209 3026 1307 3092 Paulo

242 3137 314 3199 aute
337 3130 417 3218 quod
441 3132 601 3198 scribitur:
635 3133 724 3208 Hic,
759 3136 866 3199 sicut
898 3137 989 3199 aute
1023 3153 1123 3216 saepc
1157 3133 1308 3199 dictum

243 3242 320 3319 est,
346 3259 459 3324 quarn
480 3239 616 3304 invisa
642 3241 697 3305 sit
718 3240 947 3324 singularis
969 3241 1154 3322 potentie
1179 3241 1219 3304 et
1238 3239 1308 3304 mi·

221 3339 411 3414 ¹seranda
433 3347 534 3426 sita,
558 3345 624 3431 qui
646 3367 686 3412 se
707 3347 833 3412 metui
855 3363 966 3430 quam
991 3347 1115 3413 amari
1138 3347 1307 3426 malunt,

243 3453 374 3521 cuivis
405 3453 529 3519 facile
560 3453 785 3519 intellectu
818 3453 915 3531 fuit,
938 3473 996 3518 nou
1018 3454 1108 3519 credo
1129 3453 1305 3518 cornelium

242 3559 443 3645 significasse,
466 3579 557 3643 quam
590 3578 670 3643 sape
699 3560 756 3626 hoc
776 3559 843 3644 ipse
865 3563 956 3625 antea
979 3559 1114 3638 dixisset,
1137 3558 1193 3624 sed
1214 3577 1306 3642 quarn

242 3667 385 3750 iisqueus
407 3665 498 3731 buius
520 3668 563 3732 rei
585 3666 864 3732 animadvertenda
886 3667 917 3731 iu
939 3665 1064 3732 historia
1079 3666 1198 3731 occasio
1213 3667 1306 3731 esset.
1334 3695 1336 3699 v

242 3773 350 3856 ltaque
386 3791 508 3855 prorsus
545 3772 738 3839 scribendum
776 3773 923 3838 arbitror:
956 3771 1044 3851 Hic,
1079 3771 1187 3838 sicut
1216 3773 1308 3837 ente

242 3899 358 3963 scope,
383 3898 494 3963 quam
517 3861 653 3944 invisa
675 3880 730 3944 sit
757 3879 986 3962 singularis
1008 3881 1193 3962 potentie
1215 3921 1306 3956 ....‚

242 3985 374 4052 cuiuis
397 3985 521 4051 facile
543 3984 766 4051 intellectu
787 3986 886 4063 fuit,
910 3985 1031 4051 sublato
1054 3983 1207 4050 dictu-‘m
1229 3984 1307 4058 est,

242 4093 322 4176 quod
345 4091 474 4167 addidit,
497 4091 552 4174 qiri
566 4110 624 4157 non
639 4091 833 4157 intellexerat
849 4092 940 4157 verba
961 4092 1068 4157 sicut
1090 4097 1182 4157 ante
1204 4108 1307 4171 saepe
1361 4103 1363 4108 ·
