3012 4652
526 278 665 335 Ciceronis
683 278 830 334 orationes.
1112 279 1171 341 143

143 475 997 575 fuisset‚cumque...occepisset‚ou.mque
1015 475 1212 542 ....vide·

143 582 291 646 bantur
312 585 393 661 cet),
422 581 593 648 sedetiam
623 584 746 666 propter
774 601 876 647 rerum
907 580 1211 659 dissimilitudinem

143 705 214 752 nam
237 687 268 752 in
292 688 499 770 superioribus
522 688 560 753 de
582 706 642 752 uno
664 687 814 752 adventus
830 687 1010 754 Brundisini
1030 689 1079 753 dio
1101 688 1212 774 agitur,

142 793 191 860 hio
214 798 246 860 et
267 795 297 860 in
321 794 369 872 iis,
392 811 459 877 quae
481 795 660 877 sequuntur,
691 794 730 858 do
758 777 868 860 itinero
890 813 944 877 per
964 792 1089 860 Italiam
1111 797 1143 861 et
1164 797 1210 860 in·

141 901 237 966 troitu
268 901 299 966 in
327 903 453 977 urbem;
488 921 554 985 quae
583 901 689 968 oontra
718 901 883 985 Seyffertus
906 899 1085 983 disputavit,
1108 902 1211 968 inania

142 1012 223 1074 sunt.
278 1008 338 1074 Sed
369 1007 450 1090 quod
477 1026 643 1090 cumque
670 1007 853 1090 simpliciter
881 1007 1064 1086 dolorosam,
1091 1007 1209 1074 nullam

141 1114 390 1194 probabilitatem
426 1105 462 1180 ea
497 1115 645 1180 correctio
662 1177 665 1182 ,
681 1113 823 1179 babebat.
889 1113 1090 1179 Scribonium
1127 1098 1217 1182 erata

142 1221 269 1288 onnntn
310 1220 463 1287 itinere
507 1223 593 1286 toto
630 1221 748 1286 urbes
783 1219 921 1286 Italiae
957 1221 1086 1286 festos
1124 1219 1210 1287 dios

140 1347 259 1412 agere
281 1329 480 1395 adventas
501 1327 577 1392 mei
601 1327 853 1392 videbantur.

239 1469 317 1536 ibid.
341 1470 418 1535 133:
448 1461 519 1534 illo
542 1485 581 1533 so
603 1465 662 1532 sic
683 1485 766 1532 oum
790 1465 1062 1532 inimico-meo
1085 1486 1206 1552 oopu-

140 1576 264 1654 larnt,
295 1578 338 1641 ut
365 1575 484 1641 illius
514 1594 605 1640 meae
633 1569 974 1656 proscriptionis
1003 1593 1116 1657 quam
1138 1572 1207 1638 nd·

140 1682 325 1760 iuvabat
360 1682 441 1749 Sex
474 1681 657 1759 Clodius
692 1680 844 1746 homo'
835 1681 888 1745 ris
922 1680 1207 1764 dignissimus,

140 1790 396 1874 quibuscum
399 1787 520 1874 vivit,
491 1786 770 1854 ttoambuam
797 1804 932 1856 essese
965 1787 1207 1868 scriptorem

139 1916 226 1962 esse
250 1894 416 1992 diceret.
460 1893 541 1959 Sic
533 1914 565 1978 ιιι
585 1885 732 1959 Psoribit
719 1899 769 1968 tur
786 1893 941 1958 mendoso.
985 1891 1072 1972 Quod
1089 1891 1207 1958 editor.

137 2001 246 2066 ilium
264 1989 582 2088 meaeprosoript
580 2000 728 2065 ionis..
739 2000 957 2066 ..tabulam
966 2001 1206 2083 ‚sosesorip

138 2113 265 2197 torem
286 2111 345 2200 oet.
373 2106 501 2186 (illum
526 2125 542 2172 o
558 2103 739 2173 coniectura
760 2105 908 2192 Naugerii
931 2109 962 2172 et
949 2105 1097 2172 tscholio
1121 2107 1206 2195 Bob.‚

137 2191 318 2282 tabulam
333 2235 369 2280 ex
381 2213 599 2281 recentiorrbus
611 2213 791 2292 codicibus)
803 2213 1001 2279 manifestum
1013 2215 1070 2293 os
1083 2230 1121 2277 ne
1133 2214 1205 2296 quid

137 2322 238 2388 dicam
263 2323 300 2388 do
322 2321 472 2388 illius
463 2341 495 2386 ιιι
516 2321 635 2388 illum
658 2322 788 2397 mutato,
744 2319 873 2385 t.Sex
889 2301 1041 2397 clodium
1057 2339 1127 2386 cum
1124 2317 1206 2384 Va·

137 2431 249 2494 tioium
265 2427 344 2495 sibi
335 2449 368 2494 ιιι
381 2428 526 2495 Oioerono
538 2427 756 2510 proscribendo
772 2429 889 2493 socium
902 2427 995 2491 fuisso
1008 2410 1204 2509 significaret,

139 2556 196 2602 non
229 2537 366 2621 potuisse
395 2534 454 2600 sibi
482 2553 617 2618 personae
647 2533 792 2617 (script
800 2535 904 2612 oris),
933 2531 980 2598 illi
1008 2532 1206 2597 instrumenti

137 2643 227 2725 eulpa
242 2641 379 2707 vacantis
400 2641 503 2724 partes
525 2642 670 2708 tribuero.
703 2642 749 2706 Ex
771 2655 806 2705 eo
828 2640 905 2722 ipso,
922 2637 1003 2723 quod
1016 2637 1049 2702 in
1065 2636 1205 2703 oodioum

137 2739 290 2831 scripturo
312 2747 396 2814 nollo
419 2746 596 2832 pronomine
617 2746 763 2834 Vatinius
785 2745 976 2830 significatur
994 2745 1049 2809 aut
1064 2762 1083 2809 ιι
1097 2742 1204 2808 Clodio

138 2849 306 2939 separatur,
333 2856 460 2938 apparet
487 2855 647 2937 utriusque
676 2853 707 2917 in
735 2873 767 2917 re
799 2851 919 2936 agenda
939 2853 1042 2933 partes
1064 2847 1204 2932 commn-

137 2962 217 3026 niter
240 2960 475 3044 comprehensas
498 2961 601 3039 fuisse,
631 2960 774 3043 idemque
796 2959 910 3024 codicis
933 2955 1149 3040 antiquissimi,
1173 2955 1206 3020 et

138 3068 187 3133 cui
221 3067 280 3133 soli
297 3066 389 3133 'fides
422 3067 559 3145 debetur,
592 3067 723 3150 vestigia
755 3065 937 3141 monstrant,
967 3082 984 3129 e
1013 3062 1123 3147 quibus
1145 3059 1205 3126 hoc

137 3175 270 3240 eruitur:
292 3173 412 3239 illius
434 3192 526 3238 meae
546 3172 869 3256 proscriptionis
892 3175 906 3233 .'‘
923 3215 1087 3233 ......
1110 3167 1204 3235 ambo

137 3299 201 3350 uno
224 3286 312 3347 'sese
334 3281 509 3367 scriptores
531 3299 618 3345 esso
640 3279 806 3344 diceret.
850 3275 992 3360 Vestigia
1013 3274 1205 3358 perturbavit

138 3389 273 3484 primum
305 3389 320 3453 t
350 3386 457 3452 littera
493 3403 528 3450 er
556 3383 743 3478 precedenti
774 3384 865 3449 verbo
897 3382 1063 3468 geminata,
1092 3379 1203 3445 deindo

138 3494 302 3583 singularis
331 3509 476 3557 numerus
505 3491 773 3574 (scriptorem)
803 3488 843 3556 nd
875 3507 963 3555 sose
986 3534 993 3550 .
1017 3533 1024 3549 .
1049 3486 1205 3552 diceret

138 3598 397 3678 accommodatus,
421 3617 491 3664 oum
514 3599 624 3664 ambo
646 3599 853 3663 obscuratum
866 3599 959 3662 osset.

142 3861 145 3869 ,
237 3789 276 3856 ln
292 3788 400 3856 Vatia.
416 3789 473 3854 32:
494 3786 613 3867 Quem
637 3787 870 3855 accumbere
892 3784 1069 3851 atratum
1091 3780 1202 3847 vide·

138 3898 225 3962 ras?
260 3895 468 3961 Dominum
502 3912 586 3960 oum
619 3897 717 3980 toga
740 3893 853 3977 pulla
882 3895 922 3958 ot
943 3891 1031 3960 einr
1054 3889 1203 3958 amicos

138 4010 229 4069 ante
266 4001 516 4070 convivium?
574 4000 679 4066 Cicero
714 4001 810 4085 negat
844 3998 981 4065 atratum
1018 4015 1204 4081 quemquam

139 4109 325 4188 occubuisse,
358 4107 516 4174 dominum
534 4123 604 4172 oum
620 4105 729 4172 amicis
750 4108 822 4172 ante
836 4104 1007 4172 convivium
1024 4102 1203 4185 (antequam
