3012 4652
310 291 371 356 196
655 293 733 348 'Lib
752 294 787 350 11.
806 289 873 364 Cep.
887 293 935 348 111.

263 509 352 556 mee
387 490 642 558 conscientia
674 491 881 557 ooniunetum.
935 491 1090 576 Scriptum
1120 492 1236 557 fuerat:
1263 509 1340 557 neo

267 595 363 663 lebet
383 597 519 684 antiqua
541 617 624 662 mea
655 598 909 665 conscientia
940 598 1143 680 copiarum
1177 599 1338 663 nostre·

268 722 368 779 rurn,
392 704 496 786 quod
518 707 575 769 cst.
714 739 716 744 ·

371 809 448 874 lbid.
471 811 492 896 ξ
513 813 549 876 3:
579 811 705 890 Quare
735 810 960 876 suauitatis
989 811 1174 894 equidem·
1193 814 1340 876 nostrae

271 916 449 981 iruendae
471 935 591 982 oense
611 935 795 999 euperem
818 918 856 982 te
879 917 926 982 ad
945 916 986 982 id
1007 922 1164 1001 tempus
1185 919 1339 995 venire,

271 1023 373 1105 qnod
396 1021 572 1100 dixeras,
597 1023 667 1088 sed
687 1022 794 1088 illud
812 1023 918 1088 malo
941 1024 1203 1108 tamen‚quo(l
1226 1027 1340 1107 putes

270 1131 398 1213 magis
421 1128 542 1195 etiem
564 1129 641 1195 ille
662 1131 783 1197 etiam
806 1131 939 1214 magni
957 1129 1113 1220 aestirno
1139 1128 1341 1215 mertuor—

271 1237 433 1322 λαφίαν
454 1235 567 1300 illem
589 1237 696 1301 tuam
721 1236 1092 1319 eterplieationem
1109 1235 1339 1304 debitorum

270 1345 438 1408 tuorum.
483 1342 700 1408 Soribendum:
723 1343 791 1408 sed
813 1342 917 1408 illud
944 1344 1047 1410 malo
1068 1347 1216 1423 tamen,
1240 1346 1341 1428 quod

270 1453 389 1531 putas
405 1448 703 1533 m‘egiseretuu3
726 1450 1025 1518 numillaetiam
1041 1451 1168 1535 magni
1184 1451 1340 1528 aestimo,

272 1551 553 1642 οἶμφιλαφίαν
585 1556 699 1621 illam
733 1557 842 1622 tuum
873 1560 931 1622 oet.
982 1559 1022 1638 [u
1051 1578 1090 1623 re
1118 1561 1187 1624 tua
1216 1558 1341 1624 subesse

271 1665 414 1730 senserat
433 1665 495 1728 iarn
519 1663 711 1742 Lambinus]

357 1769 452 1836 ibid.
470 1773 488 1854 ξ
504 1774 540 1834 4:
563 1770 751 1834 Ambitus
773 1767 882 1834 redit
903 1769 1100 1835 immanis.
1123 1769 1340 1854 Numquam

272 1876 356 1943 fnit
382 1896 460 1960 par.
505 1877 603 1943 Idib.
633 1875 789 1955 Quinet.
818 1876 933 1941 lenus
965 1876 1047 1941 fuit
1078 1875 1266 1942 bessibus
1299 1896 1354 1942 er‘

273 1985 426 2050 triente
456 1983 638 2049 coitione
664 1982 838 2047 Memmii
860 1984 924 2046 est
945 2001 1018 2067 quo
1045 2003 1129 2049 oum
1152 1983 1340 2060 Domitio,

274 2092 373 2156 hano
395 2090 571 2156 Scaurus
592 2108 709 2154 unum
733 2088 902 2153 uincere.
958 2089 1153 2154 Messalla
1181 2089 1340 2155 slaeeet.

273 2195 481 2263 Probabiliter
513 2195 606 2261 soribi
639 2194 778 2260 videtur:
812 2195 912 2261 ldib.
935 2195 1091 2276 Quinot.
1112 2197 1227 2262 fenus
1262 2196 1343 2260 luit

274 2303 460 2368 bessibus
493 2321 535 2366 ex
568 2300 722 2367 triente
755 2301 935 2368 coitione
968 2303 1143 2369 Memmii
1178 2319 1219 2368 ex
1252 2320 1342 2388 aquo

272 2428 355 2474 oum
385 2409 581 2487 Domitio;
611 2393 710 2473 hano
739 2407 914 2475 Scaurus
936 2427 1020 2476 nnus
1045 2409 1239 2493 <stutet>
1261 2410 1343 2475 vin-

273 2535 373 2582 uere.

371 2621 642 2700 luid.111,1‚4:
677 2621 876 2687 Veluinus
910 2626 1002 2688 ante
1035 2641 1146 2688 suum
1176 2622 1340 2688 fundum

271 2744 393 2810 prope
417 2727 588 2803 (Ernestius
612 2731 694 2793 reete
716 2729 851 2810 probe)
881 2729 1092 2794 munierat.
1126 2729 1289 2794 Neminine
1310 2728 1343 2793 in

272 2838 408 2899 mentem
430 2834 517 2899 venit
539 2833 723 2900 Bellienus?

376 2952 451 3017 lbiu.
476 2953 497 3038 ς
519 2952 574 3017 23:
608 2951 716 3030 Quod
747 2952 897 3018 multos
934 2953 1020 3019 dies
1053 2953 1271 3037 epistolam
1304 2951 1343 3016 in

275 3057 458 3123 menibus
486 3057 607 3123 hebui
638 3058 806 3139 propter
828 3060 1186 3126 commorationem
1209 3059 1345 3124 tabel-

274 3162 488 3241 lariorum,
521 3165 612 3230 ideo
646 3163 773 3228 multa
802 3167 989 3231 oonieote
1009 3169 1104 3231 sunt
1126 3164 1239 3230 aliud
1263 3166 1345 3231 elio

274 3277 470 3352 tempore,
504 3271 617 3336 velut
644 3270 720 3336 -bou
753 3274 816 3338 oet·
866 3272 974 3356 Neque
996 3273 1181 3338 coniecta
1203 3272 1344 3338 absolute

274 3395 328 3458 pro
351 3395 396 3452 eo,
420 3376 501 3460 qnod
531 3379 579 3440 est
600 3377 787 3443 oonieote
808 3379 846 3442 in
878 3397 960 3444 eam
981 3378 1182 3461 (epistolem),
1205 3378 1266 3444 <liei
1288 3397 1342 3460 po·

272 3483 344 3561 test,
366 3502 465 3567 neque
487 3482 555 3560 hoo,
578 3484 659 3567 quod
682 3501 763 3550 nuno
785 3473 890 3550 Oieero
912 3487 1082 3568 scripturus
1105 3489 1161 3562 est,
1188 3485 1252 3549 iarn
1272 3503 1345 3551 oon-

273 3587 388 3653 ieotum
409 3590 441 3653 in
464 3589 629 3672 epistulam
654 3594 728 3656 erat.
781 3592 926 3676 Magnam
957 3594 1120 3659 materiem
1142 3591 1344 3658 commoratio

272 3696 436 3773 attuleram
460 3696 657 3761 scribendum
676 3697 775 3781 igitur
789 3696 945 3764 oonleota.
973 3697 1011 3762 In
1025 3696 1073 3776 iis,
1090 3717 1158 3781 quoe
1173 3698 1346 3782 sequuntur

272 3801 306 3866 in
328 3801 485 3868 eodioibus
508 3805 552 3868 sio
574 3803 705 3886 scripta:
734 3803 839 3868 nihil
868 3804 908 3867 te
936 3803 1146 3868 reeordari
1168 3803 1213 3867 de
1235 3820 1276 3868 se
1299 3801 1345 3868 de

272 3908 406 3991 epulis
438 3909 547 3985 illis,
580 3929 679 3994 quas
712 3910 750 3974 in
783 3908 1014 3974 Tusculano
1051 3910 1138 3974 eius
1170 3911 1210 3973 tu
1235 3908 1346 3973 'mihi

271 4015 514 4094 ostendisti,
547 4018 665 4081 temere
696 4033 731 4080 ex
765 4015 898 4098 epulis
928 4013 1061 4080 editores
1091 4016 1230 4080 fecerunt
1259 4016 1346 4097 epi·
1425 4072 1427 4076 s

274 4122 415 4199 stolis;
448 4141 520 4188 nom
552 4141 651 4206 neque
686 4120 886 4204 epistolarum
908 4123 1024 4187 mentio
1052 4140 1107 4204 per
1132 4139 1168 4236 se
1191 4124 1265 4203 apte
1286 4123 1344 4198 est,
