3008 4650
511 301 649 358 Ciceronis
668 302 814 358 orationes.
1099 302 1157 366 139

135 496 294 572 subiicitur
316 499 471 566 sententia
492 499 621 585 simplex
646 501 677 565 et
704 500 953 580 demonstrativa,
983 502 1022 566 eb
1050 501 1110 567 hoo
1128 501 1197 568 loeo

131 603 363 684 aliena.est.)*)
524 613 526 618 ’
1019 616 1022 625 “

220 819 279 908 tlle
301 818 450 886 domet:
473 819 547 886 Hie
567 822 610 887 tu
631 839 688 886 me
710 820 833 887 etiam
857 868 1027 885 ......
1049 821 1199 888 hostem

124 924 412 1020 ..Capitolinum
437 924 645 1010 appellare
672 946 791 993 ansus
820 947 875 1008 es,
911 930 1029 1013 qnod,
1058 948 1141 994 oum
1162 929 1200 994 in

134 1031 341 1124 Capitolio
371 1038 554 1101 senatum
587 1031 659 1098 duo
692 1035 877 1102 eonsules
914 1036 1126 1114 habereut,
1157 1053 1199 1100 eo

134 1122 332 1204 venirem?
370 1139 443 1205 lloo
475 1138 520 1204 sio
548 1138 670 1219 dieitur,
693 1144 852 1224 tamquam
874 1141 999 1208 Clodius
1021 1140 1200 1223 Ciceronem

133 1242 201 1322 tum
229 1243 339 1325 ipsum,
373 1264 442 1311 oum
474 1246 505 1310 iu
532 1247 683 1322 senatum,
714 1247 768 1330 qui
797 1247 830 1312 in
853 1247 1005 1332 Capitolio
1028 1248 1200 1330 haberetur,

134 1350 277 1428 venisset,
300 1350 345 1416 ita
366 1351 563 1435 appellasset.
617 1353 676 1418 Sed
707 1354 810 1438 agitur
832 1354 871 1434 de
894 1355 1028 1422 eourioio
1051 1374 1147 1438 nuper
1168 1355 1200 1419 iu

133 1453 308 1540 Cioeronem
341 1460 380 1525 ab
413 1457 518 1526 Clodio
554 1460 702 1526 oonieo'to.
760 1461 869 1544 ltaque
904 1461 1099 1528 scribendum
1136 1461 1200 1525 est:

134 1564 236 1647 quod
261 1611 366 1629 .....
389 1565 543 1631 venerim.
566 1567 708 1649 (Propter
723 1565 852 1632 eandem
869 1587 990 1634 oausam
1007 1555 1039 1633 iu
1054 1565 1200 1651 proximis

133 1671 237 1738 verbis
258 1671 411 1738 retentum
433 1674 577 1755 oportuit,
606 1677 642 1738 ut
670 1692 751 1738 nuno
773 1672 862 1758 video
884 1674 992 1741 fecisse
1014 1674 1199 1759 Kayserum

133 1779 309 1858 uenisse,
343 1798 397 1864 pro
430 1799 490 1862 quo
522 1780 553 1844 in
583 1779 678 1844 Pest
699 1779 892 1856 venistis,
914 1799 974 1847 non
997 1773 1199 1846 substitutum

132 1886 316 1963 reniret

233 2052 312 2120 Ibid.
327 2054 382 2120 182
405 2053 502 2118 Num
523 2053 653 2138 igitur
673 2056 711 2120 iu
733 2055 803 2121 boo
824 2055 984 2134 officio,
1008 2053 1202 2138 quodluit

135 2159 335 2244 praecipue
358 2180 498 2237 meum,
527 2162 736 2227 sententie
757 2180 840 2228 mee
862 2161 1200 2244 reprehenditur?

137 2267 227 2334 Rem
257 2267 463 2332 maximam
492 2265 620 2335 luisse
642 2270 838 2351 (potuisse
861 2269 899 2345 P)
921 2268 1061 2334 summi
1081 2267 1201 2352 peri-

137 2373 220 2455 ouli
253 2392 327 2440 nou
362 2373 488 2440 solum
523 2391 542 2439 e
573 2374 691 2449 lame.
722 2374 790 2440 sed
813 2373 975 2442 etiams
997 2375 1118 2449 erede,
1139 2375 1200 2440 in-

139 2481 311 2556 cendiis,
339 2481 555 2574 vastitate,
583 2500 694 2547 nemo
724 2485 844 2564 negat
870 2482 927 2546 eet
971 2480 1048 2546 Post
1070 2479 1200 2546 luisse

60 2621 63 2627 ·
139 2606 234 2671 nuper
255 2607 272 2652 e
293 2587 490 2654 Mommsenii
512 2587 686 2658 coniectura
706 2585 848 2654 additum
871 2589 996 2664 estet,
1026 2588 1076 2652 rix
1099 2587 1201 2654 oeoul-

137 2695 212 2773 tato,
241 2694 356 2760 nedum
387 2692 507 2759 sublato
538 2695 662 2771 meud03
689 2694 763 2778 quid
786 2698 834 2760 est
854 2693 937 2759 enim
959 2693 1024 2773 boo,
1047 2693 1203 2759 neminem

139 2819 251 2886 negare
272 2819 352 2874 rem
374 2801 581 2868 maximam
598 2799 740 2868 luisseet
761 2820 838 2865 rom
861 2800 1004 2866 summi
1025 2799 1201 2884 periculi

137 2909 301 2982 elamet
345 2907 434 2973 llrror
462 2911 547 2973 ortus
576 2907 699 2996 videtur
720 2925 757 2973 er
777 2925 924 2974 eonemsu
945 2906 1095 2974 similium
1116 2908 1202 2972 litte·

139 3031 242 3078 rerum
274 3033 342 3080 oum
377 3015 592 3081 terminatione
623 3013 711 3079 verbi
741 3013 942 3096 praecedentis
970 3013 1201 3097 (repreben-

137 3119 261 3198 ditur)
273 3121 483 3205 scriptumque
497 3119 608 3188 luisse:
624 3120 876 3204 <Terru>rem
888 3120 1058 3188 maximum
1074 3120 1203 3187 fuisse

139 3227 281 3292 summi
303 3228 486 3312 perieuli.
536 3228 581 3294 Ex
601 3230 787 3313 potuisse
808 3229 937 3318 fortusse
958 3224 1132 3318 faoiendum
1155 3231 1203 3294 est

137 3460 371 3468 —--—-—.

173 3592 252 3662 ,*p§
278 3592 312 3647 16
335 3600 409 3648 reete
432 3609 496 3659 me,
524 3589 597 3660 quod
624 3589 652 3643 in
679 3587 819 3644 codicibus
843 3595 906 3658 post
934 3594 999 3642 tum
1027 3586 1145 3654 additur,
1172 3603 1204 3642 er

171 3701 174 3756 j
238 3693 379 3754 postrema
396 3687 456 3742 eius
474 3683 728 3755 perticulaelittera
745 3689 844 3750 ortum,
862 3698 879 3738 a
896 3680 1034 3751 prioribus
1053 3679 1203 3736 editoribus

163 3823 175 3829 ..
199 3823 201 3828 ,
240 3780 378 3835 sublatum
397 3794 466 3846 esee,
489 3777 648 3851 pravissime
667 3776 900 3852 ureoentiom'bns
919 3775 1037 3830 deletum
1056 3788 1116 3828 esse
1134 3789 1205 3845 vos,

197 3857 200 3860 ’
240 3875 283 3930 rel
310 3873 384 3929 solus
411 3873 555 3928 verborum
581 3870 650 3926 ordo
677 3868 803 3937 ostendit,
830 3885 891 3924 oum
913 3867 1069 3924 necessario
1094 3867 1204 3922 coniun-

240 3973 342 4036 gantur
358 3957 431 4022 hmo:
450 3973 516 4020 tum
534 3965 567 4019 in
585 3961 773 4034 perorando
792 3963 920 4032 posuit,
939 3960 987 4016 sed
999 3959 1085 4015 multo
1102 3959 1205 4015 elarius

195 4089 201 4102 ·-
241 4061 392 4129 sententia3
411 4059 511 4114 dieitur
528 4059 608 4125 enim,
621 4064 739 4125 quantus
758 4056 877 4111 omnium
895 4069 1045 4111 consensus
1062 4043 1204 4124 inpopulo

240 4169 290 4222 pru
312 4151 441 4208 Cicerone
460 4149 580 4220 rogando
599 4149 689 4206 fuerit.
