3012 4652
557 285 694 342 Ciceronis
714 286 845 356 epistolae.
1134 289 1191 352 159

167 483 301 561 musti,
324 487 366 549 ut
388 484 468 550 tibi
491 485 709 562 irascerer,
743 484 845 569 quod
867 505 1003 568 perum
1025 486 1124 551 mihi
1146 505 1232 552 con-

165 591 279 654 stans
312 596 351 656 et
384 591 550 656 nimium
584 591 755 673 cupidus
792 592 1014 660 decedendi
1047 594 1232 660 viderere

165 697 209 761 ob
230 713 407 780 ‘eamque
439 716 597 763 causam
630 716 688 764 me
721 698 971 765 arbitrarere
991 699 1163 767 litteras
1184 701 1230 766 ad

164 805 202 867 te
231 805 305 868 iam
339 803 406 869 diu
436 822 507 869 nou
537 805 725 871 misisse?
774 805 852 871 Mire
875 806 1027 872 sententia
1050 808 1231 873 conturbata

165 910 221 974 est.
271 910 430 990 Quomodo
465 911 548 976 euim
581 912 716 978 Trebatii
748 913 849 995 opinio
882 912 1160 990 (arbitrarere)
1193 914 1231 979 de

164 1035 256 1080 causa
284 1017 482 1100 epistolarum
517 1039 535 1083 a
565 1018 712 1085 Cicerone
743 1038 803 1084 non
836 1019 1000 1086 missarum
1035 1039 1103 1085 eum
1138 1037 1230 1086 causa

162 1122 323 1188 iniustitiae
357 1126 389 1190 ct
421 1125 472 1190 ira
502 1124 659 1192 Ciceronis
689 1126 899 1206 (viderere)
929 1126 1074 1211 coniungi
1103 1127 1230 1209 potest?

163 1227 276 1295 Omnia
302 1235 386 1296 recte
414 1232 505 1296 erunt
533 1231 679 1298 detractis
708 1233 825 1299 duabus
856 1233 982 1312 litteris,
1012 1252 1079 1318 quae
1107 1235 1232 1317 propter

148 1338 336 1429 ‘praecedens
358 1339 485 1404 verbum
506 1338 598 1404 alteri
620 1339 735 1405 additae
757 1342 846 1405 suut:
881 1338 1043 1406 Adeone
1076 1360 1132 1405 me
1166 1339 1232 1405 iu·

163 1444 313 1511 iustum
344 1463 431 1511 esse
461 1447 731 1524 existimasti,
761 1449 804 1511 ut
827 1491 834 1508 .
858 1492 865 1508 .
890 1492 896 1507 .
921 1493 928 1507 .
952 1445 1154 1523 viderere,
1184 1449 1230 1513 ob

163 1569 325 1635 eamque
354 1571 514 1619 causam
543 1570 599 1617 me
628 1551 796 1619 arbitrare
825 1553 995 1618 litteras
1024 1552 1071 1617 ad
1092 1555 1131 1620 te
1152 1555 1228 1618 iam

162 1658 229 1723 diu
251 1679 324 1725 uon
347 1659 535 1725 misisse?

261 1766 339 1832 itio.
362 1767 412 1846 33,
436 1767 470 1828 2:
493 1783 725 1849 quamquam
749 1765 904 1842 uenies,
928 1767 971 1830 ut
991 1765 1078 1848 ipse
1102 1765 1230 1830 intel-

163 1872 276 1956 ligis,
310 1872 349 1937 in
378 1872 635 1938 maximarum
664 1870 778 1955 quasi
801 1890 1037 1938 coneursum
1060 1891 1230 1957 occupa-

161 1979 332 2058 tionum,
355 1998 452 2062 quas
476 1977 526 2058 si,
548 1979 591 2044 ut
612 1978 812 2058 volumus,
836 1979 1127 2063 exceperimus,
1158 1997 1228 2062 ego

162 2105 252 2151 vero
288 2087 452 2151 multam
487 2085 661 2151 salutem
697 2087 736 2151 et
768 2087 852 2151 foro
882 2085 1009 2152 dicem
1039 2089 1077 2150 et
1106 2083 1228 2150 eurise
1311 2075 1314 2085 “

163 2194 370 2277 vivamque
399 2196 529 2258 tecum
558 2192 727 2259 multum
756 2195 814 2260 cet.
869 2192 952 2273 Quid
973 2193 1015 2258 sit
1043 2192 1229 2275 excipere

164 2300 471 2383 occupationes,
494 2297 605 2383 quidve
639 2318 675 2365 ea
706 2301 853 2385 exceptio,
882 2299 910 2365 si
939 2318 999 2384 qna
1019 2298 1095 2383 fingi
1116 2299 1228 2380 potest,

163 2405 318 2490 pertineat
346 2406 385 2472 ad
416 2406 511 2472 libere
533 2425 605 2472 eum
626 2407 735 2474 suricis
756 2405 930 2492 urendum,
953 2406 1065 2471 nescio.
1116 2403 1229 2470 Contra

162 2512 296 2578 multum
318 2512 357 2578 ud
379 2532 448 2580 eam
469 2533 534 2578 rem
558 2512 692 2597 pertinet
714 2513 965 2594 occupationibus
979 2530 1046 2578 sese
1062 2511 1225 2578 exsolvere.

163 2619 334 2703 scripserat
366 2619 487 2687 Cicero:
520 2637 617 2705 quas
657 2619 690 2684 si
730 2666 768 2681 ..
809 2616 1052 2704 expedierimus.
1119 2615 1228 2699 (Paulo

161 2729 231 2809 post
257 2745 313 2809 pro
343 2746 440 2810 opus
471 2731 532 2793 est
560 2726 633 2792 huc
661 2730 764 2792 utrum
786 2725 983 2791 scribendum
1004 2725 1045 2790 sit
1067 2743 1093 2790 o.
1118 2742 1144 2788 e.
1166 2721 1226 2802 hic,

161 2832 242 2916 quod
263 2832 295 2898 iu
318 2834 446 2916 antiqua
466 2833 569 2918 aliqua
591 2832 724 2898 editione
746 2851 812 2898 esse
834 2830 932 2909 video,
961 2849 999 2896 an
1021 2828 1125 2914 potius
1149 2847 1175 2896 o.
1199 2849 1225 2893 e.

160 2936 278 3016 adhuc,
312 2941 459 3026 ambigo.)
517 2940 678 3024 Sequitur:
719 2942 760 3004 tu
800 2937 945 3004 vellem
984 2956 1029 3003 ne
1069 2936 1227 3003 veritus

161 3064 287 3125 esses,
326 3066 371 3116 ne
409 3049 597 3132 pluribus
633 3047 809 3131 legerem
846 3047 937 3111 tuas
971 3045 1157 3122 litteras,
1193 3044 1226 3108 si

160 3151 257 3216 mihi
280 3199 287 3214 .
307 3199 314 3214 .
337 3153 546 3241 longiores
569 3155 675 3219 forte
697 3151 882 3218 misisses
899 3154 955 3218 cet.
990 3152 1137 3219 tiendum
1160 3170 1227 3217 esse

160 3258 190 3323 in
214 3259 403 3341 pluribus
426 3281 444 3330 a
466 3261 574 3329 multis
595 3260 789 3325 intellectum
815 3261 880 3339 est3
904 3278 1000 3343 neque
1023 3259 1105 3327 euim
1125 3258 1226 3343 longi·

159 3365 233 3432 tudo
257 3366 456 3450 epistolarum
481 3364 577 3430 ullam
598 3365 711 3432 habere
733 3385 856 3432 oausam
878 3368 1000 3448 poterat
1021 3363 1159 3447 pluribus
1175 3381 1226 3429 eas

157 3470 291 3557 legendi.
338 3472 453 3554 Opinor
475 3470 568 3538 fuisse
590 3490 635 3538 ne
657 3471 792 3557 pigrius.

257 3590 335 3656 lbid.
349 3590 435 3669 VIII,
448 3593 528 3670 4,4:
548 3589 615 3657 sed
638 3609 722 3655 cum
744 3591 912 3655 senatus
934 3585 1225 3654 habitusesset

155 3696 203 3762 ad
226 3696 438 3778 Apollinis
460 3716 487 3762 a.
511 3697 540 3764 d.
556 3696 618 3762 XI.
635 3696 712 3762 Cal.
737 3696 850 3776 Sext,
873 3696 912 3760 et
933 3695 1159 3760 referretur
1181 3694 1225 3759 de

154 3803 365 3886 stipendio
387 3801 448 3869 Cn.
472 3804 670 3888 Pompeii,
699 3803 849 3868 mentio
878 3802 987 3868 tacta
1016 3804 1077 3867 ost
1099 3801 1143 3867 de
1166 3801 1223 3865 le·

151 3908 275 3993 gione
301 3927 360 3988 ea,
391 3928 503 3994 quam
532 3928 743 3992 expensam
765 3908 866 3975 tulit
886 3907 919 3975 C.
942 3907 1088 3974 Caesari
1110 3897 1225 3972 Pom·

152 4015 288 4099 peius,
311 4034 385 4100 quc
408 4033 569 4081 numero
594 4019 718 4095 esset,
742 4016 870 4098 quoad
891 4015 1108 4097 peteretur.
1132 4012 1223 4079 Cum

149 4121 370 4206 Pompeius
404 4139 491 4187 esso
524 4119 564 4185 in
595 4121 747 4202 Callia,
790 4125 953 4189 coactus
993 4125 1055 4188 cst
1088 4119 1223 4186 dicere
