3008 4654
650 304 805 362 Suetonius.
1142 308 1217 372 ’249

187 515 377 584 quamquam
415 500 533 567 nullum
569 503 696 568 memini
739 522 806 570 esse
841 505 1014 589 exemplum
1049 507 1081 572 iu
1119 505 1256 573 Suetonii

190 604 348 673 codicibus
368 606 547 675 huiusmodi
569 609 816 693 permutationis.

292 735 398 802 Vitell.
413 740 470 804 1⁷:
494 739 548 803 Ab
570 739 633 803 his
655 740 865 808 extraotns
887 761 904 807 e
926 742 1103 821 latebra,
1119 742 1258 809 soisoi·

191 843 343 920 tantos,
367 843 459 926 quis
481 849 704 921 essettnam
726 847 1005 931 ignorabatur)
1021 851 1060 914 et
1081 848 1148 916 nbi
1171 868 1259 916 esse

190 947 410 1015 Vitellium
433 951 575 1029 seirat,
597 952 807 1020 mendacio
830 954 966 1020 elusit.
1011 956 1164 1041 Perqnam
1182 955 1259 1021 ridi-

191 1055 260 1119 onle
291 1055 459 1142 interroget
483 1054 653 1141 quispiam:
686 1058 762 1126 Ubi
795 1061 877 1127 sois
907 1061 1125 1128 Vitellium
1153 1064 1260 1128 esso?

191 1178 314 1244 proso,
337 1163 567 1247 quodostant:
590 1165 666 1232 Ubi
688 1167 749 1232 est
771 1166 996 1234 Vitellius?
1017 1169 1088 1235 ant:
1111 1169 1259 1246 Soisne,

192 1267 259 1333 ubi
281 1267 480 1336 Vitellius
503 1268 583 1336 sit?
626 1270 796 1355 Soripserat
825 1272 1006 1341 Suetonius:
1037 1276 1260 1342 soisoitan·

191 1379 269 1450 tes,
298 1376 387 1459 quis
415 1379 526 1442 osset
554 1384 654 1454 (nam
682 1377 962 1464 ignorabatur)
992 1385 1046 1461 et,
1076 1382 1146 1448 ubi
1174 1383 1263 1449 esset

193 1478 354 1557 Vitellius,
383 1499 459 1549 unm
489 1484 630 1563 soiret,
667 1484 877 1553 mendacio
910 1487 1047 1553 elusit.
1102 1489 1259 1554 Partioula

192 1607 280 1680 nrum
313 1590 349 1654 nt
381 1607 451 1655 oum
484 1590 605 1657 Vitellii
638 1591 760 1659 nomine
793 1592 988 1668 ooalesoeret,
1022 1600 1260 1677 nascereturque

191 1691 304 1760 deinde
326 1697 497 1763 necessario
520 1715 625 1776 esse,
654 1698 759 1764 etieoit
786 1699 1010 1766 sententiarum
1033 1700 1106 1766 ordo
1129 1718 1188 1765 non
1211 1701 1261 1765 in·

191 1800 335 1868 telleotns
367 1808 469 1880 (num
503 1804 647 1883 eoiret,
683 1805 750 1871 nbi
786 1805 896 1871 esset
931 1805 1155 1885 Vitellius).
1207 1807 1259 1884 (lu

192 1909 321 1974 eandem
343 1908 550 1978 oonieoturam
572 1910 725 1979 inciderat
746 1912 803 1979 Th.
827 1913 993 1991 leussnins,
1017 1913 1140 1978 auditor
1161 1931 1259 1987 mens,
1369 1929 1372 1935 ·

191 2033 282 2102 quom
306 2034 390 2082 mors
410 2018 595 2100 praematnra
621 2021 746 2102 rapuit.)

639 2269 812 2338 luvenalis.

293 2435 319 2500 E
340 2435 439 2517 poetis
462 2435 579 2502 Latinis
602 2439 755 2504 nominem
784 2436 833 2504 his
859 2437 1026 2520 postremis
1047 2439 1136 2505 annis
1159 2439 1261 2503 inten-

192 2542 269 2607 tiore
293 2541 398 2608 stndio
420 2542 559 2608 traotavi.
606 2544 713 2628 ltaque
734 2561 827 2609 unam
849 2541 900 2610 hio
914 2562 1026 2627 ponam
1041 2543 1080 2609 de
1102 2543 1260 2609 luvenalis

191 2649 259 2715 looo
279 2648 485 2724 ooniootnrum
507 2647 583 2716 olim
607 2668 708 2717 errore
730 2670 749 2717 a
771 2669 821 2716 mo
844 2650 1003 2716 omissam.
1048 2650 1131 2717 Nam
1154 2650 1178 2728 Ι,
1199 2650 1260 2712 144

193 2755 239 2820 sio
271 2755 389 2820 editor:
422 2755 525 2821 Hiuo
546 2763 596 2833 (ex
617 2756 781 2823 luxuriosis
803 2757 888 2824 senis
909 2760 941 2823 ot
962 2757 1043 2842 gnie
1062 2755 1262 2838 intemperie)

194 2861 337 2926 subita
371 2865 520 2928 mortes
563 2864 685 2946 atque
727 2865 930 2930 intestata
972 2864 1163 2928 sonestur
1199 2863 1259 2928 oet.

193 2966 318 3032 Subitos
349 2969 465 3034 mortes
497 2968 576 3035 eilioi
598 2969 727 3036 uenandi
747 2969 867 3034 luxuria
887 2968 965 3034 nihil
987 2968 1100 3034 mirum
1124 2971 1183 3046 est,
1206 2967 1260 3034 sed

194 3074 268 3156 qnid
291 3092 327 3140 ea
346 3075 386 3140 ad
408 3078 599 3142 testamenta
618 3075 817 3159 impedienda
838 3075 1000 3160 pertineat,
1022 3093 1082 3140 non
1107 3074 1261 3160 intelligo,

127 3185 128 3188 ’
194 3199 291 3265 neque
323 3182 431 3265 magis,
465 3201 520 3248 our
553 3201 660 3248 senum
694 3181 825 3248 maximo
857 3185 1046 3250 testamenta
1078 3181 1109 3246 in
1139 3182 1197 3247 hao
1228 3199 1261 3246 re

194 3287 397 3372 appellentur.
441 3287 522 3370 Quid
543 3291 654 3372 potest,
677 3289 705 3354 si
727 3287 881 3354 sententia
895 3289 1057 3354 verborum
1073 3286 1261 3370 explanetur,

195 3379 320 3461 stultius
342 3397 396 3460 ant
417 3395 591 3478 perversius
619 3395 679 3461 diei
707 3413 801 3478 quam
833 3398 959 3479 proptor
988 3381 1116 3461 meandi
1149 3394 1260 3460 intem·

192 3500 363 3582 perantiam
386 3519 474 3567 senes
496 3503 686 3570 testamenta
709 3519 768 3566 non
789 3497 913 3566 iacere?
934 3500 1005 3567 Una
1019 3500 1125 3566 littera
1140 3499 1260 3565 mutata

194 3605 325 3674 efficitur
339 3609 422 3674 reeta
436 3609 469 3674 et
485 3610 558 3692 apta
570 3607 741 3674 sententia:
759 3611 874 3689 atque
891 3605 1048 3674 infestata
1063 3624 1129 3672 sen
1139 3609 1262 3672 eotus.

194 3713 343 3780 &neotus
378 3714 490 3781 subitis
525 3715 572 3780 his
609 3717 641 3779 et
674 3712 869 3796 praematuris
906 3711 1057 3779 mortibus
1085 3712 1258 3786 infestetur,

193 3822 344 3904 pensique
376 3826 429 3887 ant
456 3822 534 3887 nulli
563 3838 630 3886 eam
661 3824 899 3903 consequuntur.
953 3819 1069 3885 Eodem
1106 3817 1265 3902 portinent

195 3928 261 3994 sine
297 3928 363 3994 nlla
396 3929 654 3994 testamentorum
688 3925 922 4010 significatione,
955 3943 1025 4010 qna
1057 3925 1262 3994 subiiciuntur

196 4035 242 4112 (it
273 4053 371 4100 nova
403 4053 473 4100 neo
505 4033 647 4100 tristis
680 4051 748 4116 per
781 4032 948 4098 onnotas
981 4031 1118 4098 tabula
1145 4048 1265 4098 eonas

196 4147 266 4222 oet,
288 4141 341 4207 nbi
364 4141 578 4224 superstitiose
600 4139 780 4206 restitutum
802 4143 925 4218 estet,
946 4139 1035 4224 quasi
1058 4138 1123 4204 heo
1144 4137 1271 4216 ooeant,
