2974 4660
576 303 716 373 Euripidis
734 303 794 359 Ion.
1139 303 1177 365 17

148 497 249 563 aliam
272 517 392 581 quoque
413 499 560 565 seminem
581 499 689 565 eadem
710 520 770 584 qua
785 501 869 566 lonis
888 502 1131 568 metremusam
1153 517 1220 566 esse

78 601 81 610 '
153 603 332 671 calamitate
353 606 410 670 filii
439 604 610 674 amittendi.
665 608 733 672 Hoc
765 607 870 672 andito
904 607 958 672 Ion
991 607 1028 672 ad
1062 604 1220 690 quaerendi
1327 687 1333 694 ι

152 709 291 775 studium
316 714 347 774 et
364 731 450 794 spem
468 711 596 797 erigitur
609 731 794 795 versumque
809 712 1004 801 proloquitur
1016 711 1049 777 in
1065 712 1220 778 codicibus

148 817 199 883 eic
221 817 385 900 scriptum:

254 924 326 1005 cr'93
350 922 450 990 εἶπον
472 928 548 1007 ε”μοι
571 921 696 1012 ξυλάβε
725 926 781 1003 (Ρ;
804 924 844 990 G:
873 924 974 994 εἶπον
1002 926 1037 992 εἴ
1058 914 1125 1010 μοι,
1143 923 1222 1000 ξυλ-

150 1025 259 1118 λάβῃ)
281 1030 459 1118 χαίροιμεν
480 1027 533 1099 σίν.

252 1137 386 1203 Versum
417 1137 559 1215 fractum,
592 1137 624 1202 in
657 1153 717 1219 qno
749 1134 877 1202 offendit
913 1137 1006 1202 etiam
1043 1134 1220 1220 imperativi

148 1243 251 1308 forma
273 1242 381 1319 εἶπεν,
405 1242 492 1310 ouius
513 1243 630 1326 primus
652 1243 760 1308 auctor
773 1241 944 1308 Menander
966 1242 1088 1320 citatur,
1112 1260 1220 1307 recen·

146 1349 269 1414 tissimi
291 1348 427 1416 editores
450 1351 655 1416 coniecturam
678 1347 799 1413 Yxemii
825 1348 926 1416 secuti
946 1349 991 1415 sio
1012 1348 1219 1430 scripserunt:

252 1473 323 1550 cr'r3
348 1476 378 1539 ri
400 1467 511 1540 πόνου
531 1498 592 1558 μοι
616 1467 790 1557 ξυλλάβοι,
812 1470 989 1560 χαίροιμεν
1010 1468 1063 1538 άν.

151 1601 271 1667 Sedet
293 1590 353 1667 alia
375 1603 527 1678 omittam,
551 1609 582 1668 et
604 1594 727 1690 ξυλάβε
750 1602 996 1686 improbabiliter
1010 1602 1042 1667 in
1058 1591 1219 1686 ξυλλάβοι

153 1708 300 1782 mutatur,
324 1727 379 1774 neo
401 1707 597 1792 intelligitur,
619 1709 880 1791 quemadmodum
901 1709 959 1775 Ion
973 1708 1081 1776 statim
1098 1708 1219 1774 leminae

151 1813 239 1880 illius
259 1815 373 1899 ignotae
395 1816 541 1881 auxilium
564 1834 685 1898 sperare
710 1816 818 1898 possit.
873 1815 914 1879 Et
935 1814 974 1880 ad
1004 1814 1137 1898 vestigia
1167 1833 1219 1880 co·

152 1921 255 1985 dicum
289 1921 386 1986 multo
419 1919 542 2004 propius
575 1921 758 1987 accedemus
789 1926 821 1988 et
847 1922 1008 1987 rectiorem
1031 1915 1220 1986 sententiam

146 2026 331 2107 efficiemus,
352 2027 379 2090 si
403 2027 447 2092 sic
468 2027 693 2109 scripserimus:

251 2133 323 2214 cr'r3
346 2125 428 2200 εἶπ’
450 2134 525 2219 ἐμοὶ
547 2129 694 2219 ξάλλαβὲ
714 2159 763 2211 ιε,
786 2133 854 2200 cul
876 2132 1053 2220 χαίροιμεν
1075 2127 1128 2197 άν.

147 2238 186 2304 'Si
209 2237 322 2305 Creusa
354 2240 484 2306 alteram
516 2238 603 2305 illam
637 2237 784 2306 feminam
816 2238 996 2305 indicaverit
1029 2239 1061 2303 et
1095 2256 1219 2319 operam

145 2364 237 2411 suam
260 2347 465 2429 spoponderit,
489 2348 560 2410 voto
583 2365 615 2410 se
638 2347 809 2428 potiturum
832 2346 889 2410 Ion
910 2345 1023 2428 sperat.
1150 2428 1152 2432 ι

299 2487 361 2550 374
384 2505 467 2571 sqq.:

250 2595 299 2666 εἰς
319 2589 384 2679 γάρ
407 2594 572 2659 τοσοῦτον
591 2585 749 2673 α’μσιθίοις
771 2594 939 2673 ἔλθοιμεν
960 2586 1016 2663 άν,

250 2705 281 2764 εἰ
302 2693 384 2772 code
406 2697 515 2771 θεοάς
537 2694 683 2770 σ’ίιιονιος
706 2691 944 2781 ἐκπονήσομεν

252 2799 392 2888 φράζειν
415 2800 439 2868 ά
459 2797 509 2887 μά
533 2806 695 2869 θέλουσιν
718 2827 746 2867 ιι.
769 2828 798 2868 τ.
822 2804 849 2869 λ.

146 2906 242 2971 Nihil
273 2909 365 2974 babet
396 2909 428 2973 in
461 2909 681 2992 superioribus,
709 2927 769 2993 quo
796 2907 954 2986 referatur,
978 2906 1145 2974 ισοοῠοον
1167 2914 1217 2986 (eo

149 3019 278 3095 usque);
309 3015 363 3079 aut
391 3017 496 3096 aperta
518 3019 549 3080 et
576 3014 693 3082 directa
715 3033 844 3082 summae
866 3014 1009 3081 stultitiae
1031 3014 1216 3098 significatio

151 3118 320 3200 requiritur
336 3123 445 3204 'squam
471 3120 648 3188 Badhamus
676 3123 851 3189 coniectura
876 3139 1000 3204 prorsus
1029 3138 1049 3185 a
1075 3120 1217 3204 vestigiis

144 3224 293 3290 codicum
325 3228 487 3294 recedente
504 3251 505 3256 ¹
524 3228 645 3294 efficere
675 3232 803 3295 conatus
835 3230 895 3311 eet)
928 3227 983 3292 aut
1014 3226 1216 3312 interrogatio

149 3331 231 3396 idem
258 3331 448 3416 significans3
472 3354 508 3400 ea
529 3335 731 3419 interrogatio
752 3333 864 3400 leniter
885 3332 960 3399 satis
983 3331 1132 3398 efficitur:

249 3440 298 3512 εἰς
319 3433 384 3525 γάρ
407 3433 539 3508 πόσον
560 3433 670 3508 τοῦτ’
693 3432 852 3526 σ’μαθίας
874 3443 1041 3524 ἔλθοιμεν
1063 3435 1120 3514 άν,
1184 3499 1186 3503 ,

249 3571 276 3611 ει
300 3573 360 3625 -3

146 3649 372 3736 interrogativo
408 3654 579 3735 pronomini
616 3653 796 3738 adiungitur
833 3651 1104 3717 demonstrativum
1141 3649 1215 3716 noto

146 3773 222 3820 usu:
246 3761 362 3840 quanta
383 3759 449 3824 baec
473 3763 554 3825 esset
577 3759 711 3825 stultitia
732 3761 795 3822 -—?
829 3758 915 3842 Synt.
938 3757 1035 3823 Graec.
1058 3759 1078 3838 ξ
1103 3756 1165 3820 100
1186 3757 1215 3824 b.

298 3898 375 3962 554:

248 4005 318 4071 Iri.
358 3996 452 4071 τοῦτ’
486 3996 584 4072 ἐκεῖν’
617 3996 661 4070 ἵν’
693 3995 896 4090 ἐσπάρημεν.
932 4001 1006 4077 ΞΟ.
1040 3995 1216 4090 ὁπότχχος

867 4109 1016 4196 ἐξηῦρεν,
1039 4115 1167 4178 reuoca

1003 4233 1021 4285 2
