2974 4660
290 303 330 366 36
655 300 715 356 nin.
735 301 758 354 1.
777 303 842 369 oap.
861 299 910 352 111.

250 527 278 566 κ.
301 523 329 566 a.
359 525 388 566 σ.
421 495 459 566 κδ
484 492 644 585 φρόνημα
676 494 714 564 κδ
737 499 800 582 σῆς
822 492 952 570 πόλεως
973 505 1116 563 ε”κασκον
1137 488 1236 580 ὑμῶν
1268 492 1320 559 δεῖ

251 633 279 672 κ.
305 633 333 672 τ.
357 609 386 672 λ.

350 758 435 834 XIX,
457 759 535 822 231:
559 757 592 823 σι’
607 749 671 823 οὖν
685 756 773 840 μετα
797 757 926 827 καῦτας
948 749 1137 842 Ἀθηναῖοι
1154 747 1320 840 λαβόντες

249 863 390 955 (ᾔδεσαν
411 869 476 952 μὲν
498 858 564 952 γάρ
587 857 711 941 πάλαι)
733 864 767 929 τί
789 863 840 937 δέ;
871 860 952 936 σούς
977 867 1043 948 μὲν
1064 855 1208 949 χρήματ’
1230 863 1321 946 εἰλη-

251 965 357 1054 φότας
379 973 434 1037 καὶ
459 972 547 1056 δῶρα
573 973 627 1038 καὶ
645 963 936 1057 καταισχύναντας
950 962 1105 1044 ἑαυτούς,
1121 964 1187 1054 τήν
1202 960 1319 1044 πόλιν,

250 1076 332 1153 σούς
364 1079 494 1146 devonia
516 1079 654 1154 παῖδας,
685 1071 831 1162 α’φεῑοαν
860 1079 913 1144 καὶ
938 1077 1023 1143 νοῦν
1054 1084 1141 1163 ἔχειν
1172 1071 1320 1162 ἦγοῦνκο

255 1188 308 1252 καὶ
342 1180 407 1271 τήν
442 1179 544 1250 πόλιν
578 1179 816 1251 adornament-
850 1179 910 1250 σδν
933 1185 966 1250 δὲ
991 1184 1245 1270 κατηγοροῦντα
1268 1185 1321 1262 τίς

251 1293 570 1378 ἐμβεβροντῆσθαι,
603 1288 668 1375 κήν
700 1286 803 1359 αὖλιν
835 1285 986 1377 α’ρνοεῑν,
1020 1284 1081 1357 οὐκ
1122 1297 1209 1378 ἔχειν
1239 1285 1321 1356 ὅσιοι

251 1396 293 1466 κδ
329 1400 454 1466 ἑαυτοῦ
486 1400 601 1486 ῥιίιιῃ.
645 1399 714 1464 Non
745 1399 904 1483 quaeritur,
937 1399 1013 1481 quid
1045 1396 1251 1463 Athenienses
1283 1397 1323 1463 de

252 1507 338 1571 statu
349 1506 394 1570 rei
406 1507 538 1588 publioae
560 1505 774 1584 iudicaverint,
796 1505 851 1570 sed
873 1504 948 1588 quid
969 1505 1007 1569 de
1023 1503 1147 1570 illorum
1162 1504 1323 1569 hominum

255 1612 453 1695 reipublicae
475 1611 750 1678 administratione.
796 1612 905 1693 Itaque
926 1611 979 1677 ubi
1002 1610 1145 1676 scribitur
1168 1605 1324 1678 εὐθενεῖ-

252 1728 349 1797 σθαι,
374 1719 543 1785 neeessario
565 1717 731 1802 requiritur
746 1716 855 1783 sotirae
877 1715 1111 1802 significationis
1134 1718 1260 1783 verbum
1283 1717 1324 1782 ad

252 1828 322 1893 illos
355 1827 498 1892 homines
530 1824 697 1907 pertinens,
731 1824 992 1906 quemadmodum
1013 1823 1044 1888 in
1067 1824 1164 1889 altero
1186 1825 1324 1890 membro

253 1933 358 1998 omnia
381 1933 539 2016 pertinent
569 1930 609 1996 ud
639 1925 701 1996 τόν
724 1929 990 2016 κατηγοροῦντα.
1040 1929 1209 1996 Sententiae
1231 1931 1324 1997 satis·

254 2038 328 2103 faoit
349 2039 403 2102 καὶ
427 2030 493 2121 τήν
514 2032 617 2103 πόλιν
639 2028 685 2102 ιδ
708 2027 953 2115 διαθεῖναι,
982 2037 1157 2103 litterarum
1184 2037 1324 2122 vestigiis

253 2145 365 2220 minus,
389 2144 428 2208 ad
450 2163 518 2226 quae
541 2144 665 2226 propius
688 2145 847 2210 accederet
872 2134 918 2209 εὖ
940 2147 1122 2223 diadum
1155 2145 1211 2210 sed
1231 2145 1264 2209 id
1287 2146 1325 2211 de

252 2251 344 2316 rebus
365 2251 443 2316 bene
465 2268 519 2314 suo
540 2250 610 2315 usui
633 2250 900 2317 accommodandis
922 2250 1046 2328 dieitur,
1078 2250 1159 2333 quod
1181 2252 1239 2318 hoe
1259 2251 1324 2318 loeo

253 2355 356 2421 minus
379 2357 487 2440 aptum
510 2359 567 2422 est.
622 2355 719 2421 Paulo
751 2357 823 2421 ante
852 2375 951 2439 neque
980 2357 1014 2422 τί
1036 2357 1190 2440 sitneque
1211 2359 1245 2424 σι’
1267 2358 1325 2425 δαί

253 2482 358 2529 rerum
391 2481 458 2528 esse
491 2464 609 2547 potest3
652 2463 783 2528 fortasse
823 2463 972 2546 seriptum
1004 2463 1120 2530 fuerat:
1158 2459 1325 2550 λαβόντες

252 2566 393 2660 (ᾔδεσαν
413 2575 478 2657 μὲν
500 2564 564 2656 γδρ
589 2559 694 2634 παλαι
720 2566 742 2654 η’
751 2571 811 2656 δη)
833 2564 913 2644 τούς
934 2575 1000 2654 μὲν
1023 2595 1051 2636 κ.
1073 2596 1103 2636 κ.
1127 2573 1156 2636 λ.

339 2735 417 2801 lbid.
427 2736 488 2799 266
499 2735 551 2812 (de
561 2733 747 2819 Olynthio:
770 2727 871 2801 ου’δὲν
883 2728 1010 2808 αὐτούς
1022 2728 1154 2801 τούτων
1166 2729 1324 2822 ἐδυνήθη

253 2841 370 2916 σώσαι,
401 2833 487 2907 α’λλοῖ
517 2843 601 2927 πρὶν
627 2844 692 2926 μὲν
723 2843 875 2918 ἐξελθεῖν
905 2836 1063 2908 ἐνιαυτὸν
1085 2843 1146 2908 τοῦ
1169 2845 1324 2928 πολέμου

255 2943 317 3021 σοῖς
339 2941 457 3021 πόλεις
479 2941 616 3022 ᾰπσῖσας
638 2942 906 3013 αἰιωλωλέκεσαν
928 2944 989 3022 τοὶς
1012 2955 1048 3014 ἐν
1070 2949 1112 3039 τῇ
1128 2950 1323 3040 Χαλκιδικῇ

254 3048 486 3141 προδιδόντες.
546 3055 598 3120 Sic
622 3057 666 3132 Σ;
689 3054 784 3119 ceteri
806 3059 839 3119 οἱ
861 3051 1095 3138 προδιδόντες.
1149 3055 1324 3140 Utrumque

254 3179 340 3243 aeque
361 3179 539 3242 perversum
561 3163 625 3242 est;
657 3177 734 3224 nam>
756 3177 855 3243 neque
878 3161 1098 3246 Olynthiorum
1119 3163 1261 3247 populus,
1285 3164 1324 3231 de

252 3285 312 3350 qno
335 3266 447 3348 agitur,
470 3267 503 3331 et
524 3265 756 3349 quem'serrari
767 3266 903 3350 potuisse
917 3271 1017 3334 orator
1032 3270 1135 3355 negat,
1150 3270 1216 3352 ipso
1232 3272 1325 3336 nrbes

252 3373 439 3457 prodiderat,
473 3391 571 3455 nequo
605 3371 777 3456 proditores
809 3375 900 3440 urbes
931 3376 1102 3441 arniserant
1124 3378 1179 3441 eut
1200 3378 1330 3442 omnino

251 3479 285 3544 iu
307 3481 386 3545 hano
406 3479 594 3544 sententiam
616 3478 654 3543 de
676 3477 805 3545 interitu
821 3479 1038 3565 Olynthiorum
1054 3480 1169 3546 includi
1183 3484 1323 3567 possunt.

253 3584 440 3650 Tollendum
462 3584 646 3667 simpliciter
667 3578 900 3670 προδιδόντες,
917 3589 1022 3672 inepte
1040 3587 1183 3654 additum
1197 3591 1325 3672 propter

252 3691 294 3770 id,
317 3691 400 3774 qnod
419 3691 565 3774 seqnitur,
578 3705 650 3767 τοῖς
664 3694 887 3779 προδιδοῦσιν
902 3695 1082 3774 (sententiae
1096 3693 1324 3761 accommodari

252 3798 374 3880 poterat
396 3798 638 3882 προδοθειόας,
670 3819 776 3866 verum
805 3801 837 3867 et
867 3801 1038 3867 abundaret
1059 3819 1158 3884 neque
1180 3801 1270 3867 faoile
1292 3801 1324 3865 in

252 3898 475 3988 προδιδόναι
489 3907 676 3985 transisset).
716 3906 780 3985 [Sia
821 3909 884 3972 iam
918 3907 1124 3974 Marklandus
1167 3910 1202 3974 et
1241 3905 1325 3984 alii]

253 4009 372 4075 Deinde
422 4029 490 4094 quae
532 4013 763 4098 subiunguntur
805 4013 843 4078 de
887 4013 1080 4096 proditorum
1122 4013 1324 4080 multitudine

250 4116 293 4180 'ad
325 4116 429 4184 omnia
471 4119 625 4185 offerenda
672 4120 823 4202 prompta,
873 4119 906 4184 in
949 4118 1054 4186 eodioo
1098 4122 1131 4187 Σ
1159 4120 1203 4187 εἰσ
1248 4120 1325 4186 seri-
