3008 4654
305 313 368 379 210
664 310 725 366 Iob.
743 310 782 365 11·
799 311 865 380 Cap.
884 310 933 364 lv.

264 530 482 596 eorumque
504 510 591 576 sine
612 528 731 576 sensu
753 507 975 576 iacentium
997 512 1135 590 torpor
1156 510 1225 570 aut
1245 505 1334 588 pal·

263 615 408 700 pitatio
422 634 630 699 corporum
646 616 729 682 sine
748 611 1336 681 intermissioneribrautium

264 722 392 808 Torpori
435 741 597 790 nervomm
632 722 796 788 iacentium
834 719 1018 788 contrariam
1056 718 1128 802 poni
1165 717 1336 784 eorundem

263 848 437 909 neruorum,
458 849 518 894 nou
541 827 643 895 nesam
672 847 802 912 quorum
826 846 997 910 corporum,
1020 824 1209 893 vibrantium
1230 823 1332 908 palpi-

263 935 414 1002 tationem
437 938 580 1020 apparst;
609 935 715 1019 itaque
743 953 955 1019 corporum
976 937 1060 1000 recte
1081 931 1169 998 nucis
1190 932 1334 996 notatum

263 1045 328 1120 est;
348 1062 456 1110 uerum
478 1062 538 1109 nou
560 1042 742 1125 simpliciter
763 1041 931 1108 delendum
952 1040 985 1106 id
1007 1040 1189 1106 vocabulum
1204 1040 1261 1117 est,
1277 1037 1332 1104 secl

262 1150 509 1215 transferendum
533 1152 564 1216 in
586 1150 688 1216 locum
712 1149 804 1231 paulo
833 1148 1032 1233 superiorem,
1060 1146 1112 1212 ubi
1139 1164 1200 1211 non
1229 1145 1336 1208 miuus

262 1256 427 1323 macilento
457 1256 657 1334 desideratur,
686 1274 778 1339 quam
805 1255 856 1321 bic
882 1254 1028 1332 abundat,
1058 1251 1333 1334 scribendumque:

262 1363 458 1446 tabesque
473 1364 698 1449 ceruorumin
719 1382 759 1429 se
780 1363 1117 1446 putrescentium.
1140 1360 1333 1425 Vocabulum

261 1470 293 1535 in
316 1468 421 1535 codice
443 1472 618 1537 nostrorum
641 1469 808 1554 archetypo
828 1487 902 1536 casu
924 1469 1071 1534 omissum
1094 1470 1126 1533 et
1140 1467 1172 1530 in
1193 1466 1335 1550 margine

262 1579 403 1642 notatum
425 1578 492 1643 loco
514 1596 573 1642 nou
596 1578 678 1642 recto
700 1577 829 1642 orationi
850 1578 999 1642 insertum
1026 1575 1084 1641 est.

362 1717 442 1783 lbid.
454 1718 512 1782 48:
534 1737 746 1802 numquam
768 1718 871 1784 satis
893 1715 1121 1800 proiectum
1139 1717 1234 1795 erit,
1250 1715 1333 1781 nisi

262 1823 421 1907 qualern
454 1825 574 1891 debet
607 1826 719 1892 deum
752 1827 885 1891 moute
916 1823 1167 1917 conceperit,
1201 1823 1333 1888 omnia

261 1930 902 2010 babentem‚omniatribnentem
925 1929 1171 1996 beneficium
1195 1929 1333 2015 gratis,

261 2037 420 2112 Mantum,
438 2038 520 2122 quod
539 2038 571 2103 iu
594 2039 838 2105 beneficium
862 2037 1062 2104 menifestum
1078 2040 1134 2116 est,
1150 2055 1211 2102 una
1224 2035 1331 2101 littera

261 2143 383 2211 sublata
404 2144 553 2211 facillime
581 2148 726 2212 sanatur:
760 2145 937 2213 beneficum
965 2145 1106 2230 gratis.
1155 2143 1331 2209 Mercedem

261 2250 477 2317 beneficiorum
512 2252 588 2318 deus
615 2271 676 2318 nou
706 2253 824 2336 querit.
878 2251 1016 2318 Eandem
1049 2251 1236 2316 sententiam
1267 2248 1333 2314 elio

260 2357 353 2423 modo
376 2357 541 2436 continent,
564 2377 632 2444 quae
653 2363 832 2442 sequuntur,
863 2361 971 2427 verba:
1005 2358 1095 2440 Quae
1129 2363 1332 2424 causaest

262 2464 325 2530 dis
346 2465 655 2532 benefaciendi?
677 2467 839 2532 Natura.

361 2618 438 2686 Ibid.
461 2620 518 2684 50:
551 2620 709 2687 Primus
742 2623 804 2686 est
837 2619 999 2686 deorum
1029 2619 1167 2686 cultus
1258 2666 1266 2682 .
1290 2666 1332 2682 ..

262 2725 366 2791 scire
387 2725 485 2791 illos
507 2745 611 2805 esse,
634 2728 699 2812 qui
720 2727 943 2812 praesident
964 2726 1122 2805 mundo,
1150 2728 1217 2810 qui
1238 2726 1329 2793 uni·
1370 2763 1373 2768 ,

262 2832 433 2898 versavi
455 2851 524 2899 aua
546 2835 874 2919 temperaut‚qui
894 2833 1058 2900 humani
1080 2836 1243 2918 generis
1266 2839 1333 2900 tu-

260 2939 383 3004 telam
405 2943 551 3023 gerunt
572 2940 777 3007 interdum
793 2937 1228 3025 curiosisiugulorum.
1251 2941 1335 3007 Mire

262 3044 292 3109 di
322 3045 475 3110 interdum
504 3047 649 3113 dicuntur
670 3049 792 3133 singula
813 3065 927 3128 curare,
957 3049 1044 3132 quasi
1068 3048 1249 3130 plerumque
1271 3067 1333 3114 uon

261 3153 377 3216 curent.
422 3151 537 3219 Seneca
558 3156 739 3237 scripserat:
772 3155 978 3221 interdum
1005 3154 1160 3222 incuriosi
1190 3155 1330 3239 singu-

260 3256 407 3337 lorum,
429 3259 465 3322 ut
486 3276 559 3325 cura
581 3260 771 3346 singulorum
793 3261 1107 3328 administrandorum
1127 3261 1331 3345 intelligatur.

362 3397 441 3466 Ibid.
465 3400 504 3462 ol
535 3418 597 3484 sq:
630 3403 761 3469 ceteri
919 3404 1029 3469 iuter
1058 3404 1181 3470 missa
1209 3421 1329 3486 appe-

260 3504 421 3588 titaque
444 3506 502 3584 (sic
522 3514 606 3575 recte
628 3511 760 3577 Hermes
782 3528 817 3575 ex
838 3510 868 3576 Α
888 3515 920 3576 et
942 3511 968 3576 B
991 3530 1044 3595 pro
1073 3510 1183 3575 inter·
1204 3510 1331 3575 iuter·

161 3641 162 3648 κ
261 3609 399 3688 missa)
427 3614 604 3680 alternis
633 3617 901 3683 fluctuantur.
945 3617 1072 3682 Causa
1099 3615 1218 3681 huius
1247 3616 1330 3681 iac-

260 3718 436 3785 tationis
472 3725 550 3801 est,
591 3723 691 3806 qnod
732 3724 837 3789 nibil
879 3723 1014 3808 liquet
1049 3721 1333 3789 incertissimo
1375 3765 1379 3771 -

259 3825 460 3909 regimine
481 3829 846 3909 utentibus‚'lama
889 3831 924 3895 In
941 3830 1097 3896 codicibus
1112 3829 1169 3893 AB
1185 3828 1331 3895 scribitur

162 3917 167 3938 '
261 3932 527 4018 causarisque
550 3936 806 4012 (iactationis
828 3935 1331 4019 est)‚quodercensabuins

260 4042 362 4105 ortum
385 4059 533 4106 essenon
561 4043 674 4124 potest.
729 4041 845 4124 Opinor
874 4043 1070 4108 scribendum
1100 4062 1180 4108 esse:
1204 4043 1332 4108 Causa

259 4162 362 4234 usque
383 4147 627 4212 iactationis
649 4150 726 4229 est,
750 4149 840 4232 paulo
863 4149 969 4215 durius
986 4150 1130 4216 adverbio
1145 4149 1255 4231 posito,
1275 4148 1331 4214 nbi
