3008 4650
163 279 167 288 ·
305 239 365 301 124
668 239 727 295 Lib.
748 240 785 296 ΙΙ,
804 240 869 308 Cap.
887 239 924 294 11.

263 439 323 502 oio
352 437 525 521 placuit,
556 461 667 525 quam
698 457 741 505 er
771 457 902 503 eorum
924 438 1193 518 auctoritate,
1215 438 1266 516 si,
1287 440 1330 504 ut

261 542 458 610 Manilius
495 548 724 625 statuebat,
759 545 818 610 eic
849 543 912 611 est
942 528 1178 610 iudicatum.
1234 543 1329 611 Recte

263 650 339 715 olim
354 651 567 719 intellexeram
581 655 719 733 uerbum,
734 651 817 737 quod
839 655 886 717 est
908 652 1113 728 statuunt,
1132 669 1225 734 pravo
1249 652 1329 716 tam·

263 775 335 838 pore
356 759 494 842 positum
515 779 600 838 esse;
623 779 682 826 nou
696 759 975 827 animadverteram
989 756 1111 824 infinite
1127 760 1327 842 (impersona-

262 863 346 942 liter,
369 866 406 930 ut
426 867 519 952 uulgo
540 867 706 950 loquimur)
729 867 906 950 ponendum
927 865 1022 930 luisse
1043 865 1080 929 ut
1094 865 1212 948 relique
1225 865 1257 929 iu
1271 865 1329 930 hac

262 971 417 1036 sententia
437 974 538 1038 uerba.
583 973 685 1038 liliam
707 973 746 1038 ad
761 972 903 1039 codicum
917 972 1049 1056 vestigia
1063 972 1198 1056 proxime
1212 971 1329 1038 accedit

260 1095 334 1142 vera
356 1077 517 1163 scriptura,
551 1099 618 1163 quae
639 1079 706 1146 haec
733 1082 797 1144 est:
830 1079 990 1146 statutum
1011 1083 1051 1162 st,
1073 1077 1116 1144 si.
1170 1076 1327 1144 Facillime

262 1186 299 1248 st
321 1184 435 1250 excidit
456 1190 526 1252 ante
548 1187 599 1262 si;
622 1186 732 1252 deinde
754 1185 873 1254 lactum
894 1187 942 1251 eet
963 1186 1164 1250 statuunt

363 1291 442 1357 lbid.
465 1293 523 1358 73:
546 1294 647 1377 quod
670 1293 731 1370 (ius
753 1292 856 1372 civile)
879 1292 912 1358 si
934 1312 1009 1359 uou
1031 1290 1143 1357 modo
1166 1311 1328 1375 oppres·

166 1391 169 1396 ’
262 1417 361 1478 sum,
391 1399 459 1464 sed
489 1401 612 1465 etiam
644 1400 847 1466 desertum
870 1403 938 1466 eut
959 1397 1244 1483 negligentius
1266 1417 1328 1464 as·

261 1509 467 1572 servatum
501 1507 595 1587 erit,
629 1507 734 1572 nihil
758 1510 836 1586 est,
865 1507 965 1591 qnod
998 1505 1211 1589 quisquam
1244 1524 1328 1572 sese

260 1612 409 1678 habere
436 1614 588 1679 certum
617 1615 686 1678 aut
714 1632 732 1678 a
760 1617 874 1698 patre
897 1617 1158 1696 accepturum
1179 1613 1248 1678 aut
1269 1631 1329 1678 re·

137 1709 138 1714 ¹
261 1720 457 1787 lictorum
491 1719 635 1786 liberis
669 1720 907 1786 arbitretur.
968 1721 1002 1784 ln
1036 1719 1104 1784 iure
1133 1719 1218 1784 ciuili
1244 1719 1329 1784 nulle

262 1827 346 1891 certa
368 1844 438 1909 spes
460 1826 670 1903 constituitur,
692 1825 768 1910 quid
790 1828 920 1910 quisque
942 1845 960 1892 a
982 1828 1068 1910 patre
1082 1827 1328 1912 accepturussit,

261 1933 405 2013 quoniam
441 1932 498 1998 hoe
534 1953 552 1996 a
587 1934 748 1998 voluntate
785 1935 818 1999 et
852 1935 1041 1999 testamento
1076 1935 1172 2017 patris
1207 1935 1328 2016 pendet.

262 2039 415 2102 Praeterea
436 2056 577 2120 perverse
599 2040 791 2124 componitur
813 2041 845 2105 et
867 2041 1063 2122 comparatur
1084 2059 1191 2107 secura
1209 2059 1329 2124 exspec-

260 2144 337 2209 tatio
359 2143 551 2229 hereditatis,
581 2163 673 2227 quam
697 2149 766 2230 quis
788 2146 855 2231 ipse
877 2167 896 2214 a
916 2148 1004 2230 patre
1026 2149 1206 2231 accepturus
1227 2145 1278 2228 sit,
1300 2149 1331 2210 et

263 2253 338 2330 eius,
361 2271 454 2334 quam
475 2251 582 2318 liberis
604 2253 668 2320 suis
690 2254 854 2320 relicturus
879 2257 935 2332 sit;
964 2255 1071 2320 contra
1099 2257 1181 2320 recte
1207 2258 1239 2320 et
1260 2259 1329 2338 apte

262 2359 465 2441 comparatur,
499 2361 579 2444 quod
612 2361 680 2444 quis
712 2361 780 2444 ipse
813 2381 832 2426 a
864 2363 950 2444 patre
983 2360 1101 2444 accepit
1130 2363 1162 2426 et
1184 2362 1278 2432 tenet,
1299 2363 1330 2424 et
1468 2439 1469 2460 ἶ

263 2466 345 2550 quod
367 2465 473 2532 liberis
496 2468 656 2533 relicturus
678 2471 741 2544 eat;
763 2467 925 2551 utriusque
947 2468 1031 2533 enim
1053 2487 1160 2534 secura
1177 2467 1328 2550 possessio

263 2574 295 2638 et
318 2593 388 2657 spes
410 2571 543 2660 tollitur,
564 2574 592 2640 si
615 2574 799 2642 convellitur
813 2575 862 2640 ins
877 2575 976 2640 civile.
1021 2573 1194 2658 Scripserat
1208 2573 1328 2639 Cicero:

263 2682 365 2764 quod
394 2680 608 2764 quisquam
637 2700 724 2748 sese
752 2682 899 2749 habere
928 2683 1081 2748 certum
1102 2701 1120 2746 a
1141 2681 1256 2765 patre
1279 2697 1328 2748 ac

264 2790 390 2872 ceptum
411 2788 480 2853 aut
500 2786 741 2854 relicturum
764 2787 911 2854 liberis
934 2787 1174 2854 arbitretur.
1204 2787 1330 2870 Propter

262 2894 504 2960 relicturum
525 2893 557 2960 in
580 2894 717 2960 eiusdem
739 2895 886 2976 temporis
909 2895 1040 2961 formam
1057 2895 1214 2960 alibrario
1229 2896 1330 2960 trans·
1468 2927 1469 2930 ¹

262 3000 361 3084 latum
384 3000 432 3064 est
453 3001 583 3065 alterum
606 3000 811 3082 participium,
841 3002 909 3066 tum
936 3001 1077 3068 additum
1100 3002 1176 3066 aut.
1235 2999 1330 3066 Paulo

183 3163 184 3166 ,
262 3107 333 3188 post
362 3109 395 3188 (ς
424 3106 488 3182 74),
519 3106 572 3171 ubi
601 3125 728 3189 prunum
758 3109 806 3172 est
838 3127 1002 3191 pronomen
1037 3091 1192 3173 infinitum
1227 3125 1331 3190 qua·

263 3230 444 3296 cumque,
477 3230 548 3276 oum
577 3210 671 3277 codex
702 3213 836 3296 optimus
867 3216 996 3282 habeat:
1033 3235 1115 3300 quae
1137 3197 1241 3281 utrina
1262 3217 1330 3280 tua

263 3321 349 3384 iure
383 3317 708 3401 mancipiisint,
741 3321 849 3388 ceteri:
883 3340 1073 3406 quaecum
1108 3322 1329 3388 omuistua

263 3425 350 3490 iure
379 3425 571 3507 mancipii
594 3425 694 3503 sint,
716 3427 911 3494 scribendum
942 3429 1080 3496 uidetur:
1109 3446 1192 3512 quae
1214 3429 1329 3512 <in>
1468 3415 1469 3506 J

263 3550 359 3598 mauu
380 3532 448 3597 tua
469 3532 556 3596 inre
576 3533 769 3618 mancipii
791 3534 884 3600 rint.

364 3649 444 3717 Ibid.
467 3650 523 3716 80:
554 3649 645 3716 Oum
668 3653 861 3734 exemplis
884 3654 1021 3719 uterer
1043 3654 1186 3720 multis
1209 3655 1329 3720 etiam

263 3757 338 3822 illa
372 3758 542 3824 materia
574 3758 801 3841 aequitatis,
836 3779 853 3824 a
885 3761 1006 3826 uerbo
1037 3761 1075 3826 et
1103 3762 1148 3826 ab
1178 3759 1331 3844 scripto

264 3863 453 3946 plurimis
481 3884 581 3949 saepe
603 3866 641 3930 in
664 3867 782 3931 rebus
805 3865 867 3930 ius
889 3868 927 3931 et
949 3853 1245 3950 aequibonique
1267 3885 1329 3931 ra·
1378 3925 1385 3944 ,

264 3971 412 4036 tionem
444 3990 531 4039 esse
560 3971 786 4038 seiunctam
808 3977 866 4039 cet.
915 3972 985 4037 Iure
1015 3973 1148 4039 editores
1172 3975 1331 4042 haeserunt

263 4078 295 4142 in
327 4078 402 4142 illa
434 4079 605 4143 materia
625 4077 853 4162 aequitatis,
883 4095 949 4162 qnae
971 4081 1131 4162 tamquam
1152 4072 1275 4164 propria
1296 4099 1333 4146 ac
