2974 4660
286 249 305 310 8
664 245 726 302 Lib.
744 247 766 300 I.
787 248 852 316 Gap.
871 245 893 300 I.

343 441 505 510 Postremo
536 443 569 509 in
601 443 682 510 libro
710 441 765 520 XI,
794 443 855 504 649
878 443 989 509 saltem
1011 459 1143 507 errorem
1167 439 1316 523 aperiam,

242 549 273 615 si
294 548 383 634 plane
405 549 445 616 ad
468 567 575 616 verum
596 550 754 632 pervenire
776 566 835 614 uon
857 549 972 632 potero.
1026 547 1107 615 Nam
1129 547 1210 631 quod
1231 565 1318 612 nunc

242 655 404 722 Patroclus
419 656 552 734 Nestori,
567 656 604 720 ut
619 653 841 740 aliquantisper
862 655 943 739 apud
962 673 995 721 ae
1010 657 1176 737 remaneat,
1191 653 1310 737 rogant'

244 762 289 831 sic
310 762 491 846 respondet:

347 885 420 980 Οὐχ
441 892 517 967 ἕδος
539 893 621 970 ἐστί,
643 895 757 981 γεραιὲ
779 895 972 976 Διοτρεφίς,
1001 882 1080 956 oete
1105 917 1150 975 με
1173 891 1317 965 πείσεις..

343 1001 486 1076 αἰδοῖος,
509 993 707 1086 νεμεσητός,
727 994 746 1065 ὅ
768 1023 813 1084 με
836 1001 978 1082 προέηκε
1001 1000 1192 1078 πυθέσθαι,

344 1103 462 1173 ὅντινα
485 1107 610 1172 τοῦτον
632 1102 726 1192 ἄγεις
747 1105 966 1189 βεβλημένον
988 1129 1016 1172 κ.
1039 1129 1067 1170 c.
1092 1105 1130 1183 ί..,
1198 1121 1200 1128 ’

244 1231 450 1296 certissimum
476 1232 525 1295 est
544 1231 735 1304 vocabulum,
758 1227 839 1312 quod
862 1229 909 1291 esc
932 1227 1070 1312 αἰδοῖος,
1093 1247 1190 1311 neque
1207 1229 1232 1292 si
1250 1229 1316 1292 Ho-

243 1335 322 1402 meri
354 1355 452 1420 neque
484 1336 512 1402 si
546 1341 716 1402 ceterorum
750 1353 838 1400 usum
860 1354 1034 1418 sequamur,
1064 1335 1128 1400 ullo
1159 1332 1250 1399 ruodo
1273 1335 1312 1398 ori

244 1444 411 1526 superbum
442 1447 474 1508 et
501 1443 701 1525 imperiosum
729 1442 862 1508 Achillis
888 1441 1045 1526 ingenium
1070 1441 1237 1506 notandum
1260 1459 1319 1504 ac·-

244 1548 432 1614 corumoduri
454 1567 554 1630 posse,
577 1547 854 1632 verecundiamque
876 1549 907 1612 ct
930 1549 1046 1613 metum
1067 1547 1201 1612 Achillis
1216 1547 1313 1611 olien-

244 1655 337 1721 dendi
359 1655 425 1720 solo
448 1655 609 1728 adiectivo‚
632 1655 713 1738 quod
737 1655 785 1719 cst
800 1651 995 1742 νεμεσητὸς,
1012 1654 1188 1738 significari,
1204 1655 1314 1736 quam-

243 1779 334 1845 quam
368 1761 427 1827 boc
459 1761 558 1844 ipsum
592 1759 761 1826 insolenter
793 1759 831 1825 de
863 1760 986 1825 homine
1019 1761 1080 1826 dici
1108 1761 1170 1824 iam
1193 1745 1318 1826 veteres

243 1870 436 1952 grammatici
459 1868 630 1935 senserunt.
674 1866 812 1938 Accedit,
847 1865 929 1949 quod
961 1867 1052 1948 plana
1084 1868 1153 1932 usui
1185 1865 1314 1930 Homeri

243 1977 418 2058 repugnant
438 1975 606 2057 praedicata
628 1974 687 2039 duo
709 1972 754 2038 sic
770 1965 958 2046 α’σννδέεως
973 1973 1147 2038 coniuncta:
1171 1972 1311 2046 αἰδοῖος,

244 2074 440 2166 νεμεσητὸς.
484 2079 686 2146 Manifestum
717 2081 765 2143 eat
794 2078 913 2153 αἰδοῦς
943 2080 1128 2144 mentionem
1158 2079 1197 2144 ad
1219 2097 1311 2144 rene·

247 2187 375 2252 rabilem
397 2186 536 2252 Nestoris
558 2204 719 2269 personam
741 2185 902 2269 pertinere,
925 2185 975 2251 cui
998 2185 1167 2250 contrarius
1183 2191 1313 2268 ponetur

248 2293 300 2356 irae
315 2291 445 2356 Achillis
463 2294 572 2357 metus.
617 2293 663 2357 Ae
678 2293 806 2357 tortasse
822 2289 898 2356 nihil
911 2292 1022 2374 prater
1036 2290 1315 2373 interpunctionem

248 2400 431 2464 mutandum
454 2401 510 2478 est,
535 2399 569 2464 ut
591 2398 758 2464 scribatur:

654 2591 661 2605 .
686 2590 693 2604 .
718 2588 726 2606 .
749 2530 828 2604 οὐδὲ
848 2565 892 2622 με
917 2537 1045 2613 πείσεις

350 2645 487 2719 αἰδοῖος.
510 2641 708 2732 νεμεσηνός,
731 2641 750 2710 ὅ
770 2671 817 2732 με
839 2649 983 2733 προέηκε
1006 2651 1196 2713 πυθέσθαι.

250 2784 311 2850 Sed
333 2784 449 2852 residet
470 2786 631 2870 scrupulus
653 2788 689 2874 in
706 2787 859 2854 adiectivo
881 2789 926 2854 sic
947 2789 1082 2854 breuiter
1101 2785 1246 2853 adiuncto
1260 2805 1323 2868 pro

250 2909 295 2971 eo,
318 2895 398 2974 quod
422 2894 470 2960 esi
491 2886 620 2967 αἰδοῖός
642 2918 707 2978 περ
730 2885 801 2962 ἐείν.

629 3178 794 3266 Sophoclis
816 3179 945 3246 Aiacem

250 3346 278 3394 a.
302 3329 393 3404 1875,
422 3347 489 3394 cum
513 3328 693 3414 philologiae
720 3330 929 3398 studiosorum
955 3331 1185 3398 exercitationes
1211 3330 1322 3395 mode·-

251 3451 344 3508 rarer‚
366 3433 531 3518 diligenter
552 3439 733 3516 pertractavi
755 3457 865 3523 cosque
880 3440 971 3511 locos,
987 3455 1062 3522 quos
1077 3437 1127 3502 hic
1144 3436 1318 3504 sublicium,

250 3543 333 3605 certa
364 3543 420 3605 aut
452 3541 601 3624 probabili
634 3544 848 3610 emendat-ioue
878 3542 1021 3609 adiuvere
1043 3543 1120 3607 mihi
1143 3543 1226 3609 visua
1247 3560 1320 3606 aum

249 3651 361 3730 praetcr
383 3665 444 3721 eos,
469 3645 507 3711 dc
529 3646 640 3730 quibus
662 3649 725 3715 diri
747 3651 777 3714 in
803 3649 880 3714 Adv.
905 3647 980 3715 Orit.
1007 3651 1017 3712 l
1040 3667 1070 3731 p.
1094 3647 1154 3711 206
1176 3667 1243 3732 sqq.

397 3803 441 3886 Ι68
464 3841 508 3906 sq.
531 3823 685 3900 (Minerua
706 3824 820 3908 Ulixilr

352 3963 493 4047 θαρσῶν
522 3964 556 4030 δὲ
585 3967 695 4052 μίμνε
723 3964 810 4050 μηδὲ
839 3962 1021 4052 συμφοράν
1049 3965 1146 4050 δέχου

351 4062 412 4135 τείν
434 4063 539 4156 ἄνδρ’.
