3008 4650
612 283 798 338 Miscellaneu.
1158 288 1196 350 81

171 471 237 567 νδρ
259 474 325 565 τήν
347 479 531 567 ἒμποίησιν
553 473 668 548 αὐτῶν
688 472 821 566 ταύτην
845 526 853 544 .
877 527 885 545 .
909 530 917 548 .
942 530 951 548 .
975 477 1186 568 ἐντονώτατοὶ
1211 487 1242 551 οἱ

172 588 417 673 προσέβαλλον.
472 586 567 665 Nulla
599 587 650 653 hic
683 590 864 676 ι’μποίηοις
897 588 1056 674 (adoptio)
1081 593 1155 666 erui,
1188 592 1244 658 sed
1302 643 1305 650 .

172 693 300 779 πτοιή
310 717 387 770 ccc,
401 693 483 767 furor
495 695 527 759 ei
538 694 703 760 instinctus
714 695 946 778 superstitiosus
962 691 1042 783 (τήν
1054 697 1242 784 πτοίησιν).

271 835 351 902 lbid.
374 834 431 900 53:
454 834 498 924 νῇ
520 827 585 921 γάρ
607 858 674 901 τινι
695 829 783 920 πρδς
797 837 841 927 τῇ
857 831 947 925 νήσῳ
965 835 1051 926 οδσῃ
1066 833 1244 927 προοσχιδν

176 936 195 1010 ὁ
217 937 283 1026 τήν
305 936 496 1028 ἠγεμονίαν
521 942 614 1026 σφῶν
636 948 720 1029 ἔχων
742 968 769 1009 κ.
785 969 816 1008 τ.
829 945 858 1009 λ.
902 933 988 1010 Nihil
1011 947 1138 1028 periculi
1159 947 1243 1012 mili·

179 1048 262 1114 tibus
286 1049 406 1122 suisset,
430 1049 455 1112 si
478 1050 509 1113 in
532 1051 644 1116 terrum
667 1051 776 1116 insulse
796 1049 987 1116 adiacentem
1015 1052 1146 1135 expositi
1168 1053 1252 1122 fuis·v

177 1156 254 1230 seni,
278 1173 465 1238 quamquam
489 1156 589 1220 totum
612 1155 671 1221 hcc
693 1157 731 1222 de
754 1147 836 1221 terra
862 1157 973 1223 insuiae
995 1158 1149 1224 ediscenti
1169 1159 1246 1223 ridi·

177 1262 280 1326 culum
303 1262 367 1338 est3
398 1263 488 1326 terris
519 1262 598 1327 euim
622 1260 729 1326 insulse
751 1261 900 1330 adiacent.
956 1264 1158 1330 Scribeudum
1181 1266 1245 1330 siue

175 1369 266 1434 dubie
290 1373 424 1454 πέτρα
445 1360 510 1456 νοῖρ
529 1393 558 1434 ιι.
575 1395 605 1434 τ.
622 1369 651 1433 λ.
691 1367 838 1434 Mundum
863 1375 965 1435 cuium
987 1370 1111 1436 videtur
1132 1371 1246 1437 hausiu

175 1476 298 1560 propter
318 1473 551 1540 similitudinem
575 1474 732 1557 particuise
754 1470 818 1562 γάρ
841 1476 940 1541 alicua
963 1476 1045 1542 vocis
1068 1479 1198 1562 syllaba.

275 1617 341 1695 XL,
364 1618 403 1679 59
428 1617 481 1701 (de
503 1615 637 1699 Sulpicio
666 1616 789 1682 consule
821 1634 848 1682 u.
871 1619 906 1678 51
934 1617 1097 1682 resistente
1119 1618 1165 1692 iis.
1192 1619 1246 1702 qui

175 1723 286 1789 Oaesari
308 1741 513 1788 successorem
535 1723 566 1786 in
589 1723 723 1790 Galliam
745 1723 830 1787 mitti
864 1722 1042 1807 volebaui):
1073 1726 1127 1791 καὶ
1151 1719 1246 1811 αὐτῷ

176 1827 194 1898 ὅ
218 1857 254 1899 το
278 1829 484 1903 Σουλπίκιος
513 1831 568 1896 καλ
597 1830 667 1896 τών
696 1823 876 1916 δημάρχων
905 1833 993 1904 τινὲς
1016 1823 1245 1915 α’ντέπραξαν,

176 1927 269 2006 οὗτοι
291 1941 356 2024 μὲν
378 1938 420 2027 τῇ
443 1930 529 2026 πρδς
545 1930 607 2003 τδν
621 1937 781 2020 Καίσαρα
797 1930 916 2024 χάριτι·
941 1942 1068 2012 ἐκεῖνος
1084 1931 1113 2005 δ’
1129 1932 1247 2014 αὐτοῖς

177 2041 377 2114 ἐκοινώσατο
408 2045 463 2111 καὶ
492 2039 545 2110 ὅτι
575 2057 647 2117 τοῖς
674 2045 813 2117 πολλοῖς
847 2037 909 2110 οὐκ
942 2041 1064 2130 ἤρεσκε
1097 2040 1136 2113 τό
1168 2071 1245 2114 τινα

176 2147 302 2240 μεταξδ
326 2149 470 2240 ἄρχοντα
499 2151 609 2237 μηδὲν
637 2145 820 2237 ἠδικηκότα
855 2153 1047 2238 παυθῆναι.
1106 2153 1248 2220 Debebut

178 2262 289 2328 saliem
318 2261 380 2325 dici
409 2254 460 2325 ὅτι
489 2259 544 2324 καλ
567 2273 639 2332 τοῖς
669 2260 826 2337 πολλοῖς;
859 2277 966 2326 verum
997 2258 1154 2343 Sulpicius
1187 2279 1247 2325 uon

177 2367 358 2433 movebatur
390 2367 497 2449 populi
529 2367 698 2450 voluntate,
732 2365 786 2430 sed
818 2385 872 2431 suo
896 2366 933 2431 de
955 2367 1021 2430 iure
1043 2367 1156 2432 iudicio
1178 2355 1247 2448 pe'r-

179 2475 354 2547 ducebatur,
386 2476 420 2537 ut
448 2474 582 2539 tribunis
612 2476 645 2537 et
673 2471 869 2537 muii'iudini
896 2490 928 2536 se
951 2471 982 2535 iu
1006 2473 1061 2536 huc
1084 2493 1116 2538 re
1139 2472 1249 2537 udiun·

177 2583 272 2666 geret.
326 2579 526 2645 scribendum
560 2579 673 2664 igitur:
708 2573 825 2653 ου’τοῑς
854 2571 1054 2644 ἐκοινώσατο
1078 2579 1132 2644 καὶ
1156 2591 1249 2651 τοῖς

182 2689 373 2763 πολλοῖς,
396 2682 460 2753 ὅτι
483 2679 545 2753 οδκ
570 2682 691 2773 ἤρεσκε
715 2711 743 2752 κ.
764 2710 793 2754 τ.
818 2686 846 2751 λ.

278 2829 356 2895 ibid.
381 2829 420 2890 62
449 2829 501 2908 (dc
523 2829 555 2894 0.
579 2827 719 2905 Curione,
753 2826 806 2908 qui
839 2827 929 2890 unica
964 2824 1115 2889 Caesarem
1147 2825 1249 2908 specie

180 2935 378 3019 oppugnandi
410 2951 518 3016 reapse
551 2933 731 3011 adiuvisset,
764 2932 869 3014 aperie
898 2930 1118 2996 iam-Caesaris
1147 2936 1249 3014 paries

180 3044 345 3124 amplexo):
377 3047 412 3106 ἐκ
442 3043 505 3108 τοῦ
527 3041 676 3127 φανεροῦ
706 3036 773 3126 ἤδη
794 3033 836 3106 ια’
859 3038 923 3104 τοῦ
942 3037 1118 3122 Καίσαρος
1141 3038 1249 3105 διαδι-

182 3149 297 3224 καιῶν,
317 3144 437 3236 ἐπειδή
452 3150 561 3236 μηδὲν
577 3142 650 3216 κατ’
666 3141 773 3217 αὐτοῦ
789 3148 902 3233 δῆθεν
915 3138 1079 3232 ἠδυνήθη
1095 3147 1249 3231 ποιῆσαι,

181 3255 251 3322 πᾶν
273 3251 292 3322 ὅ
314 3280 346 3321 τι
377 3259 460 3322 ποτὲ
493 3254 659 3343 ἐνεδέχετο
694 3251 736 3322 οὐ
769 3255 934 3341 δεχθῆναι
969 3259 1161 3341 προΐσχετο,
1196 3256 1250 3321 καὶ

181 3355 325 3450 μάλισθ’
358 3358 410 3428 ὅτι
445 3354 580 3437 πάντας
611 3357 692 3436 socie
724 3355 767 3428 uui
801 3357 891 3429 ὅπλα
925 3369 1062 3450 ἔχοντας
1082 3356 1190 3428 ταῦτα’
1213 3387 1250 3428 τε

182 3473 398 3537 καταθέσθαι
428 3469 483 3537 καὶ
514 3465 554 3537 uui
584 3461 800 3556 accusemini
832 3469 987 3536 διαλῦσαι
1017 3461 1078 3555 χρῆ
1110 3493 1138 3533 κ.
1169 3493 1197 3533 τ.
1221 3469 1249 3534 λ.

183 3579 227 3643 Ex
249 3577 414 3664 δεχθῆναι
436 3577 513 3644 nihil
534 3577 616 3644 effici
645 3578 758 3660 potest,
788 3576 868 3658 quod
893 3574 1054 3642 senteuiiae
1083 3571 1251 3654 conveniat,

184 3678 225 3751 οδ
247 3688 351 3751 autem
373 3702 498 3766 prorsus
527 3683 690 3750 barbarum
713 3683 813 3748 estin
836 3681 894 3746 hac
915 3699 984 3746 cum
1006 3678 1158 3760 infinitivo
1179 3696 1251 3743 cun·

184 3791 346 3857 iunctione.
398 3789 488 3856 Curio
523 3791 666 3874 quonium
700 3787 776 3855 nihil
809 3787 928 3854 scilicet
960 3788 1065 3852 contra
1099 3783 1250 3851 Caesarem

185 3877 302 3963 cificeie
324 3900 467 3978 peiucrui
490 3901 539 3978 (-
566 3898 622 3961 huc
644 3896 727 3960 enim
749 3895 849 3977 specie
871 3894 1022 3970 utebatur,
1053 3892 1165 3976 δῆθεν
1188 3897 1249 3972 -),

186 4023 221 4069 eo
243 4005 374 4075 transiit,
396 4005 432 4067 ui
454 4003 565 4081 omnia,
596 4021 664 4085 quse
692 4000 756 4066 ulio
786 3999 876 4065 medo
899 3998 1010 4064 Caesuri
1034 3998 1158 4065 concedi
1180 4016 1252 4080 pos·
1305 4037 1307 4042 -
1384 4041 1387 4048 ·

184 4111 261 4188 seui,
284 4111 466 4194 proponeret
488 4112 519 4174 et
541 4107 776 4190 praeseferret:
801 4108 872 4173 πᾶν
887 4100 907 4172 ὅ
922 4131 954 4175 τι
971 4107 1053 4172 ποτὲ
1070 4105 1261 4191 ἐνεδέχετο,Υ

963 4217 964 4222 ’
1034 4223 1052 4278 6
