3012 4652
335 265 394 328 144
700 265 759 320 Lib.
778 263 814 319 11.
834 263 900 333 Cap.
919 263 953 316 ll.

290 463 535 542 accumberetur)
558 482 627 530 cum
650 465 723 548 toga
747 461 832 545 pulla
853 462 955 554 uisum*
976 479 1043 526 esse
1072 459 1221 526 concedit.
1259 457 1358 540 Serip-

291 569 360 636 tum
382 567 477 634 fuisse
500 567 638 634 uidetur:
662 568 804 648 Quem.
821 613 828 631 .
845 567 1030 635 videras?
1051 564 1272 650 <Viderns>
1292 564 1359 630 do·
1480 615 1481 638 2

293 674 440 740 minum
462 720 627 738 ......
650 677 743 740 unte
766 671 1004 740 conuiuium.
1028 672 1215 750 (violentum
1236 667 1360 737 delendi

294 781 477 848 medicinam
492 779 639 849 adhibere
654 801 715 847 non
731 781 922 860 debueram.)
946 778 1097 846 Similiter
1111 779 1174 844 iam
1188 777 1359 844 (tuscanus.

394 883 474 967 ibid.
496 899 554 964 39:
584 899 618 966 si
649 917 688 964 es
718 899 852 966 odium
881 898 1086 982 publicum
1113 894 1271 981 populi,
1297 911 1360 960 sa-

294 1008 428 1085 netus,
472 1006 752 1071 uniuersorum
796 1004 999 1071 hominnm
1043 1003 1360 1077 rusticanorum,

294 1111 389 1195 quid
421 1113 483 1178 est
515 1114 598 1179 cst?
640 1111 729 1178 Nihil
763 1112 844 1190 erat,
889 1129 944 1177 cur
979 1111 1099 1194 proprie
1136 1107 1361 1175 rusticanis

294 1218 363 1284 odio
385 1220 467 1284 esset
487 1217 639 1286 Vatinius.
690 1218 795 1286 dicero
826 1217 893 1284 sinc
916 1217 1018 1298 cutio,
1040 1220 1076 1285 ut
1097 1235 1203 1283 omncs
1224 1217 1289 1282 sine
1310 1233 1360 1280 en·
1482 1276 1483 1300 p

295 1326 435 1409 ceptione
457 1325 736 1408 comprehenderet,
765 1325 946 1409 scripserat:
980 1325 1261 1390 universorum
1292 1322 1362 1388 ho·
1482 1307 1483 1342 Τ

295 1430 1095 1514 minumrustiennornm,<nrtanom·>.
1111 1429 1362 1498 Librariioculus

296 1557 313 1603 a
344 1537 455 1623 prioris
487 1538 630 1608 vocabuli
663 1539 881 1607 terminatione
911 1544 1112 1616 (anorum)
1145 1537 1297 1604 aberravit
1325 1537 1362 1601 ad

296 1646 433 1714 alterius.

379 1826 621 1906 Preterion
654 1837 706 1916 (de
739 1835 904 1914 Catilinam
940 1834 1074 1918 Neque
1107 1852 1289 1916 umquam
1322 1853 1364 1902 ex
1483 1815 1484 1838 ¹

295 1943 371 2009 illo
404 1943 568 2010 delendi
603 1945 722 2010 huius
755 1943 918 2029 imperii
949 1943 1029 2009 tam
1059 1925 1364 2008 consceleratus
1483 1947 1484 1954 ’

295 2050 471 2134 impetus
508 2050 762 2131 exstitisset,
804 2050 885 2116 nisi
917 2050 983 2116 tot
1017 2047 1212 2115 uitiorum
1248 2049 1363 2114 tenta

297 2158 529 2226 immanitas
559 2157 798 2240 quibusdam
827 2155 1058 2224 facilitatis
1085 2157 1125 2221 et
1152 2156 1364 2239 patientia

246 2319 247 2322 ,
297 2263 506 2350 radicibus
528 2265 738 2331 niteretur.
783 2262 936 2330 Vitiorum
958 2259 1185 2328 immanitatem
1202 2263 1364 2330 obscurare

299 2373 331 2437 et
352 2389 546 2454 compensare
568 2390 629 2437 non
651 2371 755 2438 nescio
777 2390 844 2455 queo
873 2369 889 2435 f
893 2366 1062 2436 anilitas
1091 2369 1228 2451 poterat3
1261 2369 1363 2439 facul·

298 2479 378 2550 aar
410 2479 448 2546 ad
481 2478 633 2562 agendum
668 2479 819 2563 promptae
846 2481 878 2542 et
903 2475 1061 2560 patientiae
1089 2476 1207 2544 radices
1228 2479 1364 2561 require·

298 2587 410 2653 bantur
431 2583 692 2664 (facillitctis
714 2585 820 2663 P¹).*)

399 2710 476 2777 lbid.
499 2711 554 2774 72:
587 2710 640 2776 iis
662 2712 793 2776 eutem
816 2710 1018 2777 amicitiis
1039 2711 1231 2777 maiorum
1251 2713 1363 2788 natu,

299 2837 462 2901 quorum
501 2815 657 2882 imitari
701 2814 948 2884 iudustriam
990 2818 1364 2901 continentiamque

298 2913 463 2990 manime
486 2922 598 2988 velit.
631 2923 678 2988 De
702 2923 769 3006 ipso
791 2921 882 2990 Calin
903 2943 964 2990 non
987 2923 1092 2990 uelit
1113 2923 1275 2990 dicendum
1290 2927 1364 2998 erat,

298 3029 353 3094 sed
385 3029 539 3096 debeat
569 3028 628 3116 'ln
664 3028 820 3096 codicibus
851 3029 999 3097 scribitur
1027 3029 1174 3096 velitis
1203 3029 1242 3107 (Ρ
1262 3031 1366 3096 velit

298 3135 355 3216 is),
377 3134 611 3218 rectissimeque
633 3133 835 3218 significatur,
858 3155 933 3220 quos
948 3135 1064 3203 iudices
1079 3136 1207 3204 Caelium
1221 3137 1364 3204 iuvenem

300 3261 336 3308 cc
357 3259 444 3325 paenc
466 3239 694 3309 adolescentem
715 3240 832 3308 imitari
853 3244 961 3311 uelint.
1010 3244 1070 3310 Sed
1089 3244 1129 3314 ad
1152 3261 1220 3310 eam
1242 3246 1365 3310 senten·

299 3348 376 3414 tiam
398 3347 580 3432 explendum
602 3349 773 3415 necessario
796 3348 970 3416 addendum
997 3367 1174 3433 pronomen,
1190 3350 1273 3434 quod
1286 3371 1365 3435 prae·

299 3455 437 3522 cedentis
460 3455 587 3540 syllabae
609 3454 780 3525 similitudo
799 3453 917 3523 hausit:
939 3474 1103 3540 quorum
1118 3457 1365 3541 <cum>imi-

300 3564 373 3630 tari
395 3561 640 3631 iudustriam
664 3608 672 3626 .
695 3608 703 3624 .
724 3562 892 3629 maxime
914 3560 1126 3640 velitis.**t
1235 3559 1241 3572 '

352 3831 379 3897 *t
397 3829 413 3902 ᾖ
433 3833 467 3888 10
484 3831 637 3899 ridendum,
657 3848 690 3888 ne
710 3831 804 3887 Cicero
824 3832 966 3902 scripserit
989 3847 1111 3886 mecum
1135 3837 1291 3901 praetore,
1311 3848 1366 3886 non

399 3942 520 3980 mecum
538 3930 682 3995 praetore
700 3940 760 3992 me,
785 3923 873 3980 altero
891 3924 1051 3996 pronomine
1069 3939 1183 3994 prorsus
1201 3923 1365 3980 abundante.

335 4017 379 4086 **)
398 4019 440 4073 De
458 4035 534 4087 prov.
554 4034 628 4074 cons.
647 4018 682 4074 al
701 4018 789 4072 oratio
809 4017 849 4073 sio
867 4017 1085 4088 interpungenda
1103 4025 1131 4074 et
1149 4017 1293 4073 scribenda
1311 4026 1364 4074 est:

403 4111 518 4166 Fuerit
536 4117 607 4166 toto
625 4112 659 4164 in
677 4110 855 4166 consulatu
879 4111 952 4166 sine
975 4112 1163 4180 provincia,
1189 4111 1244 4164 cui
1270 4109 1367 4166 irrorat
