3008 4650
291 287 351 349 m
656 287 912 358 mmmm

249 486 349 550 tura
385 503 489 557 meae,
531 503 718 570 quamquam
751 485 857 558 Cicero
893 483 1051 570 ingenium
1087 503 1177 550 suum
1215 485 1315 567 potius

249 591 439 656 nominasset
470 596 524 659 aut
556 611 655 658 mores
687 593 719 658 in
753 591 810 658 tali
842 612 875 657 re
908 609 999 676 qnam
1036 594 1187 658 naturam.
1247 591 1316 656 list

250 696 406 761 omittitur
427 697 458 762 in
481 698 601 766 duobus
624 699 750 782 optimis
779 698 943 764 codicibus.
998 697 1200 764 Scribcndum
1221 697 1317 782 igitur

250 802 387 870 videturs
427 823 554 890 neque
590 809 693 872 enim
731 821 837 872 causac
870 805 1092 872 adversata
1123 807 1243 870 natura
1275 805 1315 879 sl,

250 928 320 986 nec
342 913 401 976 cel.
445 911 552 978 Cansae
573 914 683 978 natura
705 931 776 978 cum
796 911 920 978 homine
943 912 975 976 et
997 929 1029 976 re
1050 910 1222 993 copulatur.
1230 911 1262 986 ⁴⁵)

351 1051 430 1119 Ibid.
464 1052 520 1115 50:
551 1054 601 1118 Te
634 1055 737 1118 enim
770 1053 957 1120 existimo
989 1051 1067 1118 tibi
1099 1050 1316 1126 statuisse,

251 1155 346 1239 qnid
374 1157 605 1224 iaciendum
631 1165 814 1244 putares,
843 1163 881 1226 et
910 1159 1014 1226 satis
1041 1157 1226 1224 idoneum
1258 1157 1317 1222 ol·

250 1262 341 1327 licii
371 1263 431 1328 tni
459 1263 629 1330 iudicem
659 1266 851 1349 posuisse.
896 1265 946 1332 Sic
969 1264 1088 1332 codices
1110 1283 1172 1329 uno
1195 1267 1317 1345 excepto

251 1369 482 1453 Tegernsceusi‚
504 1372 536 1434 in
559 1379 618 1454 qno
641 1375 689 1438 est
717 1374 918 1456 potuisse,
948 1371 1029 1437 unde
1052 1369 1194 1435 Halmius
1217 1369 1317 1435 effecit

252 1493 338 1541 esse
360 1477 555 1558 potuisse.
608 1479 721 1546 Verum
743 1481 908 1562 potestatis
930 1480 1014 1545 notio
1036 1496 1159 1562 prorsus
1182 1475 1316 1542 abundat

252 1583 323 1664 post
348 1581 543 1662 idoneum.
606 1586 759 1652 Vitiosum
793 1589 841 1652 est
873 1587 1042 1670 perlectum
1074 1586 1214 1666 tempus;
1248 1602 1318 1648 nam

251 1688 375 1755 omnino
397 1691 555 1774 Torquato
577 1695 623 1758 sui
646 1693 738 1759 officii
760 1693 906 1760 iudicium
921 1691 1025 1758 Cicero
1040 1689 1191 1758 concedit.
1224 1689 1317 1755 Vida-

251 1799 302 1859 tur
323 1797 469 1863 subesse:
500 1803 538 1864 et
560 1799 664 1866 satis
686 1800 872 1866 idoneum
896 1798 1032 1866 ol'licii
1063 1797 1125 1864 tui
1146 1798 1319 1863 iudicem

251 1901 356 1986 ipsum
377 1921 457 1970 esse.
506 1905 551 1970 Ex
582 1905 672 1991 ipsu
705 1925 809 1984 esse,
843 1905 1246 1984 haustavocalii‚ortn1'n
1272 1907 1319 1970 est

253 2027 445 2090 posuisse.

353 2161 432 2227 Ibid.
456 2162 512 2225 66:
546 2164 641 2230 Eius
664 2166 833 2243 (Autronii)
854 2184 988 2245 voces,
1014 2169 1100 2234 cius
1122 2164 1236 2230 minac
1258 2165 1318 2229 fe·

254 2267 464 2346 rubentum
497 2268 584 2335 eins
606 2274 812 2355 aspectus.
841 2273 1117 2351 concursatio,
1144 2270 1318 2355 stipatio,

254 2391 398 2459 greges
431 2376 627 2443 hominnm
657 2377 908 2462 perditorum
939 2381 1085 2446 metum
1114 2378 1231 2445 nobis
1254 2395 1317 2442 se·

254 2479 522 2567 ditioncsque
550 2485 792 2552 afferebant.
848 2487 949 2556 Multa
978 2485 1204 2556 hiemandum
1233 2502 1318 2550 coar·

252 2591 361 2670 gunnt,
384 2589 518 2672 primum
542 2595 642 2658 metus
664 2613 773 2670 nomon
796 2613 865 2662 cum
888 2592 1048 2672 seditione,
1071 2611 1140 2677 qna
1161 2591 1319 2664 metuitur,

213 2734 218 2747 ·
254 2697 412 2779 tamqnam
452 2697 590 2764 eiusdem
626 2701 748 2790 generis
783 2700 988 2778 coniunctum,
1026 2699 1139 2766 deinde
1168 2687 1319 2766 *afferendi

253 2801 390 2881 verbnm,
413 2804 494 2885 quod
515 2805 687 2878 rectissima
713 2807 750 2875 dc
775 2807 1010 2884 ,metudioitun
1033 2805 1071 2872 de
1094 2803 1246 2872 seditione
1266 2822 1320 2888 po·

254 2905 357 2984 situm,
387 2927 457 2992 quas
478 2913 655 2990 concitatur,
688 2931 747 2984 nou
780 2912 907 2980 affertur
935 2912 1037 2989 alicui,
1064 2914 1130 2978 tum
1156 2911 1320 2976 seditiones

254 3011 365 3092 plurali
398 3032 525 3092 numero
560 3017 747 3100 appellatae.
765 3038 834 3090 oum
864 3020 902 3086 de
932 3020 1137 3106 aucupatur,
1166 3018 1321 3099 postremo

254 3119 322 3199 ipsa
353 3138 402 3184 res
436 3122 468 3186 et
499 3124 670 3204 senteutia3
704 3144 803 3208 neque
835 3126 917 3192 enim
950 3125 1016 3191 nlla
1048 3124 1167 3192 exstitit
1198 3127 1322 3206 propter

254 3225 443 3306 rogationem
473 3229 511 3293 dc
540 3247 627 3311 poena
655 3232 870 3300 damnatorum
902 3229 1034 3302 levanda
1055 3229 1178 3308 seditio,
1200 3229 1265 3308 seo,
1287 3231 1322 3293 ut

252 3329 320 3412 ipse
342 3329 448 3399 Cicero
470 3337 628 3420 perspicue
650 3336 735 3421 dicit,
766 3339 931 3422 paulisper,
962 3358 999 3404 ne
1027 3336 1198 3412 exsisteret,
1230 3334 1321 3401 timos·

254 3437 314 3535 luit
336 3441 476 3517 (omnis
503 3441 576 3508 illc
606 3442 754 3522 terror,
775 3445 917 3534 *omnis
950 3443 1171 3511 seditionis
1204 3443 1321 3512 timor

255 3547 377 3627 atque
419 3547 581 3630 opinio).
648 3551 935 3618 Manifestissimum
972 3554 1020 3618 cst
1056 3549 1234 3616 Ciceronem
1271 3545 1320 3618 hic

255 3670 375 3736 quoqne
396 3659 540 3722 metum
563 3658 785 3724 seditionis
807 3658 933 3731 dixisses
947 3658 1191 3739 prorsustamcn
1207 3659 1321 3723 temere

254 3757 378 3834 iaceret,
400 3763 452 3843 qni
474 3762 660 3846 simpliciter
686 3783 759 3849 quc
786 3763 968 3846 particulam
998 3761 1130 3839 tolleret,
1154 3773 1223 3845 quae
1245 3780 1321 3844 quo·

254 3916 488 3926 -——-—-.—-

296 4031 335 4096 .**)
355 4036 370 4096 5
387 4033 423 4086 39
442 4033 581 4088 Ciceronis
600 4050 666 4090 usus
688 4033 811 4103 postulat
835 4030 899 4104 quia
925 4047 1050 4102 nogara
1069 4033 1179 4089 noluit
1197 4049 1247 4103 pro
1267 4032 1321 4102 qui

323 4123 327 4131 ’
356 4141 382 4176 n.
401 4139 428 4177 n.
446 4124 580 4194 (alioquin
598 4127 669 4191 enim
687 4125 817 4196 scriptum
834 4132 908 4182 esset
926 4126 981 4194 qrri
999 4142 1025 4180 n.
1044 4126 1172 4192 nollet).
