3008 4654
667 286 787 344 Tacitus.
1157 288 1216 353 231
1285 355 1287 368 Β

190 482 225 548 in
258 485 387 566 utraque
425 484 540 550 femina
573 484 681 550 eodem
714 486 802 550 modo
834 485 1041 570 (genitam)
1074 485 1259 572 significato.

189 589 354 669 {Senserat
375 589 488 656 uitium
509 591 675 671 Ritterns.]

295 707 374 774 lbid.
394 709 449 775 li:
472 708 616 776 fraudo
635 709 799 788 Acbari,
822 709 890 792 qui
910 710 1092 777 iuuenem
1122 709 1259 788 (Meher-

190 813 312 894 datem)
344 815 528 900 ignarum
561 815 601 880 et
632 834 821 883 summam
857 815 1060 884 fortunam
1092 817 1132 882 in
1165 817 1258 882 luxu

192 921 322 986 ratum
353 920 506 987 multos
534 939 602 1003 per
629 920 717 988 dies
747 921 925 988 attinuit
946 922 1047 1007 apud
1069 921 1258 1006 oppidum

190 1026 391 1094 Edessam.
440 1028 510 1094 Non
537 1028 745 1112 ignorantiam
774 1027 897 1096 consilii
926 1028 1092 1114 significari
1120 1030 1257 1113 apparet,

191 1132 336 1224 quoniam
365 1133 397 1199 id
425 1135 531 1217 aperte
552 1133 727 1202 Meherdati
756 1136 862 1202 datum
892 1139 1042 1214 narratur,
1072 1135 1127 1200 sed
1154 1136 1258 1217 ipsum

189 1239 360 1324 ingenium,
377 1259 435 1324 quo
450 1240 608 1324 pertinent
622 1242 716 1309 etiam
732 1243 825 1308 verba
839 1242 1000 1310 adiuncta:
1023 1243 1061 1308 et
1075 1258 1257 1309 summam

188 1347 396 1413 fortunam
416 1346 455 1412 in
478 1346 572 1413 luxu
593 1350 732 1415 ratum.
772 1347 1077 1416 Verumsaiolaatine
1100 1348 1256 1432 ignarus

189 1453 332 1520 absolute
354 1455 391 1520 de
414 1454 535 1521 homine
556 1472 657 1520 rerum
681 1456 823 1540 imperito
842 1458 874 1521 et
889 1457 1061 1534 communis
1075 1453 1256 1521 eruditionis

151 1587 153 1593 2
189 1561 307 1644 experti
347 1561 414 1644 (cta
445 1562 657 1628 messender
687 1561 836 1645 Mouet)
876 1580 935 1626 non
969 1561 1089 1628 dicitur.
1159 1562 1257 1628 Scribi

186 1653 501 1734 debetz'iuranem
524 1667 679 1752 ignavum
708 1675 747 1733 et
775 1686 963 1735 summam
992 1669 1194 1735 fortunam
1216 1667 1255 1733 in

188 1774 280 1839 leun
301 1776 482 1852 ratum.*)

292 1879 368 1947 ibid.
392 1881 478 1956 XIV,
508 1882 526 1942 7
560 1881 612 1958 (de
640 1880 772 1946 Neronis
800 1879 1005 1962 trepidatione
1034 1882 1103 1963 post
1129 1880 1255 1947 insidias

189 1987 367 2071 Agrippinae
389 1989 504 2052 trustra
525 1981 691 2064 structas)i
714 1988 806 2052 Tum
829 2005 973 2069 perere
996 1986 1195 2053 exanimis
1217 1988 1255 2052 et

187 2093 436 2176 iamiamque
458 2093 582 2160 affore
600 2094 830 2178 (Agrippinam)
847 2092 1057 2158 obtestans
1072 2092 1254 2160 vindictae

186 2201 535 2284 properam,'sire
567 2199 741 2266 servitia
772 2203 948 2264 armaret
979 2198 1043 2265 rel
1077 2200 1253 2268 militem

188 2305 448 2385 accenderet,
484 2307 569 2372 sive
601 2306 648 2372 ad
680 2309 862 2372 senatum
892 2306 1142 2389 etpepnlnm
1165 2326 1253 2391 per-

190 2411 373 2490 vaderet,
407 2414 664 2498 naufragium
697 2411 735 2478 e't
766 2413 913 2478 vulnus
941 2415 980 2476 et
1007 2413 1257 2479 interfectos

187 2519 339 2586 amicos
361 2517 612 2598 obiiciendo,
629 2518 730 2603 quod
751 2520 890 2585 contra
911 2517 1138 2584 subsidium
1159 2517 1256 2585 sibi?
1326 2539 1328 2543 ’

187 2624 277 2694 Nisi
316 2625 408 2709 quid
445 2627 593 2692 Burrus
625 2629 665 2692 et
697 2625 847 2692 Seneca
886 2643 1125 2708 expergens,
1158 2643 1256 2708 quos

186 2733 331 2799 statim
357 2732 581 2810 acciverat,
607 2732 809 2800 incertum
839 2751 884 2798 an
906 2733 945 2797 et
965 2733 1059 2797 ente
1080 2733 1254 2816 ignaros.

188 2839 325 2925 igitur
358 2839 518 2924 longum
550 2838 765 2923 utriusque
799 2837 1029 2917 silentium,
1062 2856 1107 2904 ne
1139 2839 1255 2905 irriti

187 2945 497 3024 dissuaderent,
529 2966 575 3011 an
607 2967 648 3012 eo
679 2948 912 3013 descensum
935 2943 1171 3022 credebant,
1194 2950 1251 3024 ut,

186 3053 266 3119 nisi
286 3052 582 3136 praeveniretur
597 3051 838 3138 Agrippina,
853 3051 1255 3134 pereundumNeroni

245 3294 272 3360 *)
291 3294 319 3348 G.
339 3293 373 3347 37
393 3288 459 3361 quid
478 3295 616 3349 sententia
633 3292 796 3363 postularet,
813 3293 922 3362 Lipsius
934 3292 1009 3359 uidit,
1022 3291 1071 3348 sed
1083 3291 1254 3348 scribendum

287 3388 560 3456 potiuscmnliyokio
571 3387 699 3454 aliisque:
713 3384 778 3454 Non,
788 3386 884 3440 sivos
895 3385 1046 3440 omnibus
1059 3385 1252 3454 imperitare

288 3480 398 3549 vultis,
418 3481 572 3549 sequitur
587 3487 639 3536 cet.
655 3479 838 3549 (rumenam,
857 3478 1066 3547 Lipsiusnum).
1087 3477 1114 3532 C.
1125 3479 1167 3546 38,
1178 3478 1251 3547 quod

286 3589 342 3628 rem
353 3573 483 3642 continet,
493 3573 561 3628 vidit
571 3574 719 3629 Rhenanus
729 3571 914 3638 (occidione
931 3571 1188 3639 occubuissent),
1202 3570 1252 3626 scd

287 3681 320 3720 ex
331 3666 665 3736 copiarumfaciendum
675 3672 735 3720 erat
746 3665 850 3734 copiae
862 3662 946 3732 Rom,
965 3663 1017 3718 hoc
1028 3669 1078 3730 est,
1091 3663 1250 3732 Romanae,

286 3775 341 3814 non
369 3761 473 3830 copiae
506 3767 583 3828 tum,
610 3757 743 3829 particula
776 3757 873 3812 vitiose
905 3758 953 3810 illo
984 3756 1046 3810 loco
1070 3756 1249 3811 redundante.

285 3852 415 3907 Mendurn
433 3852 505 3907 idem
523 3852 639 3906 vidimus
657 3851 702 3919 IV,
722 3851 757 3906 33
776 3851 894 3917 (rerum
911 3867 961 3920 pro
980 3865 1014 3904 re
1032 3849 1137 3918 Rom).
1166 3850 1194 3903 Ο.
1215 3849 1251 3904 48

286 3945 429 4015 adeptus
448 3928 596 4012 ortumeat,
613 3943 788 4014 praecedente
797 3944 892 3998 littera
905 3959 930 4011 a,
946 3943 1157 4012 eademptus,
1177 3942 1251 4010 qued

287 4053 380 4094 errore
408 4038 539 4108 scriptum
567 4043 627 4092 erat
652 4054 702 4107 pro
723 4032 1060 4107 deonotus'(Nipperdeius
1078 4035 1250 4105 depulsus,

286 4132 423 4186 sententia
441 4129 554 4192 cadem).
