3008 4654
650 280 772 336 Tacitus.
1143 279 1203 342 237

277 473 355 541 lbid.
378 475 435 540 54:
459 475 667 544 Postremo
689 477 862 556 (Scuriuns
884 496 901 544 e
923 475 1046 544 Pisonis
1064 476 1246 557 coniuratis)

173 580 420 657 uulneribus
442 582 683 669 ligamenta,
707 583 932 671 quibusque
962 583 1131 650 sistitur
1152 604 1246 660 sen·

177 686 285 770 guis,
308 689 600 774 partiebatque
622 690 789 758 eundern
805 688 1018 782 Milichum
1039 692 1245 758 monetcet.

179 793 353 861 Desiderari
378 794 454 874 erus,
477 796 558 880 quor
582 795 739 863 savinus
762 795 927 862 Milichum
953 779 1128 874 manasse
1147 796 1246 881 signi-

174 899 356 966 ficationem
377 904 519 986 apparet:
543 901 648 988 itaque
669 903 845 970 coniectura
866 899 1011 970 scribitur
1032 922 1051 968 a
1073 902 1244 970 nonnullis:

177 1007 387 1090 partiebat
407 1007 545 1092 idque,
567 1026 642 1094 quos
665 1009 818 1076 offendere
840 1008 902 1075 iam
925 1008 1058 1076 debebat
1079 1007 1144 1075 hac
1164 1009 1246 1074 tem·

173 1132 286 1198 porum
309 1114 518 1198 inaequalitas:
551 1117 762 1199 partiebet
794 1115 913 1200 idque
943 1116 1157 1190 ..monet
1190 1114 1246 1182 sed

179 1220 401 1306 multomagis
423 1222 468 1286 rei
490 1236 621 1288 nerraua
642 1226 793 1307 pravitas3
823 1223 892 1306 quis
914 1223 996 1288 enim
1019 1221 1133 1301 credet,
1156 1239 1246 1288 sena·

173 1329 276 1394 torem
310 1327 480 1395 &monum
525 1329 610 1410 prius
635 1329 736 1412 ipsum
762 1327 933 1413 ligamenta
960 1328 1120 1394 volnerum
1145 1330 1178 1394 et
1202 1328 1247 1394 si·

175 1434 280 1500 utendi
303 1434 464 1520 sanguinis
486 1434 703 1502 subsidiante
727 1434 826 1500 solum
847 1451 1044 1517 praeparasse.
1074 1433 1128 1500 sed
1150 1433 1246 1500 etiam

174 1541 260 1608 inter
280 1543 458 1608 coniuratos
479 1545 598 1608 eeteros
620 1541 812 1625 dispertisse,
835 1543 924 1624 qnasi
946 1539 1063 1624 singuli
1084 1559 1121 1606 ea
1140 1557 1246 1606 secum

176 1650 298 1732 portare
321 1648 469 1715 deberent
489 1667 591 1733 neque
612 1649 670 1732 ipsi
693 1667 810 1730 perere,
840 1646 867 1712 si
888 1665 965 1730 opus
988 1652 1079 1724 emet,
1112 1648 1246 1734 possent,

173 1756 288 1823 deinde
312 1755 463 1820 medicum
486 1773 587 1833 suurn,
609 1756 645 1820 ut
665 1754 889 1831 immisceret,
907 1753 1084 1820 monuisset
1108 1753 1247 1836 Apparet

172 1862 256 1928 'hene
277 1880 399 1928 ornnem
424 1859 537 1927 medici
560 1879 662 1926 curam
687 1859 792 1926 luisse.
832 1861 899 1926 Hoc
920 1859 1082 1926 intellecto
1097 1858 1247 1925 facillime

171 1967 217 2033 ad
249 1985 354 2033 verum
387 1966 606 2032 inveniendum
639 1965 829 2042 deducimur,
858 1964 1119 2050 manifestumque
1148 1966 1185 2032 fit
1214 1968 1246 2030 in

176 2075 232 2140 illo
262 2074 550 2158 partiebatqne
579 2073 639 2140 duo
669 2074 767 2138 latere
789 2073 882 2140 uerba
903 2071 1055 2156 particula
1076 2091 1150 2157 que
1172 2091 1246 2139 oon·

178 2181 294 2257 iuncte,
316 2182 478 2262 praesentis
501 2181 650 2264 temporis
673 2190 704 2246 et
733 2178 921 2247 coniunctivi
951 2178 1045 2259 modi,
1074 2181 1248 2245 amanet

173 2287 354 2370 pendentia.
398 2287 551 2373 Scriptum
575 2287 672 2371 igitur
693 2287 808 2353 lueret:
832 2285 1040 2352 Postremo
1062 2286 1248 2352 vulneri·

153 2395 250 2459 »bus
265 2393 507 2477 ligamenta,
523 2393 750 2478 quibusque
765 2393 934 2458 sistitur
949 2393 1133 2475 sanguis,
1151 2392 1249 2476 paret

175 2502 358 2583 ematque,
392 2500 557 2567 eundem
586 2497 800 2564 Milichum
830 2499 972 2563 monet.
1018 2495 1089 2562 Alis
1110 2498 1248 2580 paranda

178 2608 271 2671 erant
293 2607 352 2690 ipsi
373 2605 503 2685 medico,
527 2606 589 2691 alia
612 2605 694 2689 apud
716 2603 971 2688 pharmacopolae
993 2602 1131 2668 emenda.
1166 2604 1248 2684 [lem

179 2713 328 2780 Heinsius
350 2714 472 2797 paret
494 2711 829 2794 exhibeatque.]*)

280 2841 361 2908 Ibid.
384 2845 441 2908 tl:
477 2843 596 2910 llruti
626 2838 772 2908 dehine
792 2839 1010 2906 tribunatu
1032 2884 1039 2901 .
1060 2884 1068 2901 .
1092 2884 1099 2901 .
1123 2883 1131 2900 .
1154 2837 1249 2904 Fla·

177 2949 269 3016 rius
291 2949 437 3034 Nepos,
460 2947 862 3037 Statiusrllomitisns¹
882 2943 998 3030 qnasi
1020 2943 1246 3029 principem

234 3205 260 3272 *)
279 3207 364 3262 Paulo
384 3213 449 3263 ente
467 3207 502 3272 (c.
520 3207 565 3272 51)
584 3222 646 3261 oum
664 3205 834 3260 suscitate
850 3219 901 3274 pro
925 3202 1107 3257 sciscitato
1130 3202 1247 3257 scriben-

282 3300 346 3355 dum
365 3316 426 3356 esse
445 3305 619 3356 annotassem
638 3301 680 3364 (—
701 3314 763 3352 nem
784 3297 852 3351 illud
877 3302 905 3351 et
929 3311 971 3364 ee,
999 3310 1061 3364 quae
1086 3294 1250 3350 adiiciuntur

283 3394 317 3449 dc
345 3394 494 3466 superioris
521 3392 652 3462 temporis
680 3391 787 3446 incuria
812 3390 975 3458 honestetis,
993 3389 1141 3458 postulent,
1160 3403 1249 3456 neque

283 3487 472 3554 sciscitata,
500 3485 574 3554 quod
600 3484 763 3540 vocabulum
786 3483 908 3538 studium
926 3480 1088 3551 exquirendi
1106 3479 1250 3550 significet,

281 3586 355 3635 recte
374 3579 408 3635 dc
425 3579 525 3634 notitia
543 3593 609 3634 casu
627 3583 688 3632 orto
706 3575 806 3632 dicitur
834 3579 883 3645 -),
909 3575 965 3630 vidi
991 3573 1098 3644 pridem
1125 3572 1153 3627 id
1180 3573 1247 3627 Ver·

282 3673 401 3728 menium
418 3671 563 3728 invenisse.
602 3669 630 3725 O,
649 3671 684 3726 50
702 3671 778 3725 nulle
797 3676 841 3724 est
858 3669 992 3724 dubitatio
1017 3667 1081 3736 quin
1093 3672 1250 3735 corruptum

286 3766 322 3821 sit
340 3765 481 3822 ardente
499 3765 605 3834 domo;
624 3779 714 3833 neque
733 3764 803 3818 enim
822 3762 855 3818 de
868 3778 922 3817 uno
935 3763 979 3816 illo
992 3760 1113 3817 incendii
1126 3766 1249 3830 tempore

284 3860 384 3928 agitur,
402 3860 451 3916 sed
469 3859 502 3914 de
520 3858 638 3914 Neronis
663 3855 857 3911 consuetudine
881 3871 954 3926 saepe
979 3854 1149 3910 occasionem
1167 3851 1250 3906 caedis

284 3954 423 4010 tentandre
441 3953 587 4024 praebenti3
614 3950 664 4006 sed
691 3948 757 4018 quid
785 3948 920 4016 subesset,
948 3963 1036 4018 neque
1054 3947 1171 4002 Hessius
1189 3961 1250 4015 rep-

208 4086 212 4092 ·
284 4047 356 4115 perit
374 4063 465 4116 neque
485 4062 535 4116 ego
553 4062 604 4116 pro
623 4049 698 4100 certo
716 4042 837 4112 reperio;
855 4058 917 4098 nam
931 4041 1040 4110 longius
1053 4038 1250 4095 discediterte

285 4139 469 4196 dormiente
488 4140 588 4195 domo.
